2752 4694
171 347 236 414 582
418 363 548 415 nourr..
572 365 697 413 enirn
724 365 1028 415 continuerimus

204 504 237 553 ot
253 503 351 554 Liberos
368 505 438 568 dore]
461 505 535 554 Idem
555 512 625 570 post,
641 506 704 556 ίῙιί-
740 504 839 570 Στίχοι,
854 506 946 570 Κόλτα,
962 506 1093 569 bonporus,
1109 507 1178 570 ’τψοῖ
1191 505 1220 554 τὸ
1230 505 1270 568 μί-

170 578 247 630 beros
269 579 341 640 date,
369 589 506 644 procreate
516 581 533 630 :'
556 588 584 631 et
602 583 703 645 Vergit.
741 580 945 645 saepetestentur
957 581 1052 646 αείρατε
1065 581 1273 647 τίκτινιιίίνΰριι,

170 656 179 684 ⁸
193 656 328 706 Geminam
341 663 416 720 partu
428 658 500 708 dabit
517 658 568 707 Iiia
580 658 677 721 prolem
688 658 704 708 :'
742 656 848 720 ὑμέναιον
857 656 962 724 γαμβρὸς
973 657 1076 723 ἔρχεται.

171 739 199 782 et
209 733 330 782 ctauniu
339 734 445 797 Nuptiis
455 735 554 783 Honori
564 743 591 782 st
601 735 702 796 Maria,
773 739 805 784 tt
825 734 921 797 Viden’,
937 739 964 783 at
976 735 1045 794 soors
1059 732 1200 797 Splendidus
1216 748 1272 796 qno·

171 806 232 856 ‘Te
243 807 323 856 Laeda
334 809 433 872 mallet,
449 823 524 873 quam
537 810 600 858 dare
612 811 703 860 Custo-
741 810 804 859 tiant
822 810 909 872 comus]
925 811 1008 860 Novae
1030 810 1097 858 enim
1119 816 1206 872 nuptae
1225 807 1270 856 fax

171 882 244 932 rem!
741 882 1275 949 prmluoebat,quarerapidioebatur.Fes·

205 959 258 1007 Nec
267 972 354 1020 parem
365 959 448 1023 Stirpe
457 960 543 1023 nitier]
567 961 646 1024 Sopb.
658 963 702 1011 OE·
742 970 784 1008 tus
801 961 953 1024 Pompeius,
975 963 983 990 ‘
996 961 1064 1024 Rapi
1075 960 1142 1010 solet
1153 958 1206 1021 far,
1218 973 1272 1024 qua

171 1031 270 1097 dipoin
283 1035 391 1097 Colono,
409 1035 487 1098 idem,
506 1039 608 1101 opinor,
626 1038 703 1100 signi·
741 1036 903 1098 praetuceure
919 1051 985 1085 nora
1002 1042 1085 1099 nupta
1101 1035 1214 1084 deducta
1229 1042 1272 1084 est
1292 1074 1295 1079 .

171 1102 260 1172 boens,
281 1109 336 1157 οὐδ’
354 1111 379 1157 ἐν
394 1113 426 1174 τᾷ
439 1109 535 1175 μεηιίλᾳ
548 1110 629 1175 Δωρίδι
639 1111 703 1174 νιίσρ
741 1109 774 1157 ob
784 1110 917 1173 utriusque
927 1112 1025 1172 amieis,
1036 1117 1269 1159 nutum

171 1182 280 1234 Πέλοπος
297 1185 513 1244 vermanseris
530 1187 627 1248 νίπτρ’
640 1188 703 1251 αχεί.
740 1184 787 1232 sub
799 1185 866 1233 lecto
878 1185 926 1234 riri
938 1201 970 1234 ea
980 1193 1056 1236 nocte
1067 1192 1156 1250 ponat,
1174 1192 1221 1234 out
1229 1184 1271 1233 rir

170 1274 254 1323 ριιτον,
278 1260 410 1310 obstrusus.
453 1263 542 1328 Stirpe
564 1265 632 1314 enim
659 1280 702 1313 ra·
740 1260 767 1308 in
775 1261 910 1323 sepulchro
921 1263 1117 1312 comburendam
1127 1270 1271 1325 eurot‚quo

168 1338 217 1396 let,
249 1337 328 1401 quod,
357 1339 467 1394 βλαστὸν
493 1339 600 1402 φύτευμα
628 1341 702 1403 dicit,
740 1342 852 1400 utroque
870 1330 939 1386 mors
959 1338 1104 1402 propinqua
1120 1337 1272 1386 alterutrius

170 1414 226 1462 sive
238 1412 309 1476 ἔρνος.
343 1417 420 1479 Sopb.
438 1418 465 1465 in
483 1418 574 1467 eadem
594 1417 702 1478 Fabula,
740 1413 842 1475 capturi
865 1412 1024 1476 putabatur!
1055 1408 1143 1461 Plaut.
1166 1411 1272 1472 Casina,

170 1487 188 1536 ὅ
198 1487 294 1550 φίλτατ’
304 1487 366 1553 ἔρνη·
382 1506 440 1555 qnae
451 1494 532 1541 verba
542 1500 602 1541 sunt
612 1493 702 1556 OEdipi
741 1487 749 1514 ‘
761 1488 875 1537 Primum
888 1489 1000 1538 omnium
1011 1488 1071 1537 hnic
1087 1481 1184 1536 lucebis
1196 1497 1270 1535 novas

170 1563 203 1613 ad
223 1563 298 1613 fitius.
331 1567 372 1614 Ex
391 1566 483 1616 eodem
504 1583 586 1630 prope
607 1581 702 1631 genere
739 1571 828 1626 nuptae
840 1563 941 1613 facem!
969 1565 1034 1613 Stat.
1046 1563 1092 1613 tib.
1102 1577 1134 1612 rs.
1145 1562 1272 1612 Thebaid.

170 1646 220 1701 est,
228 1641 296 1705 qnod
307 1639 387 1691 Arist.
396 1633 485 1706 posuit
493 1644 538 1693 lib.
548 1658 598 1693 vrr.
606 1643 703 1692 Ἠθικῶν
738 1639 807 1688 idem
815 1639 961 1703 significans
970 1640 1046 1702 dixit,
1057 1639 1272 1703 ‘Praemissreqne

169 1715 415 1782 Νικομαχείιιν,ηιιοιί
424 1720 563 1781 proverbio
575 1720 626 1768 dici
636 1719 702 1768 sole·
739 1712 808 1764 faces
820 1715 915 1765 festum
938 1716 1093 1765 nubentibus
1115 1717 1202 1779 ignem
1214 1715 1271 1766 Ob·

170 1801 220 1853 ret,
230 1792 273 1841 Διό
283 1793 438 1854 φασιταίντὺν
447 1793 512 1856 αίμα,
529 1794 568 1843 καί
577 1793 652 1858 ῥίζαν,
663 1793 703 1843 καί
729 1791 809 1840 -rnit.'
860 1793 1033 1843 Quamobrem
1055 1794 1094 1842 M.
1118 1793 1220 1841 'l'uilius
1245 1793 1271 1841 in

171 1869 319 1920 τὰτοιαῦτα.
352 1871 429 1923 Quod
442 1887 503 1921 vero
521 1872 613 1922 ‘Nisi'
626 1873 701 1935 dixit,
739 1865 868 1915 Oratione
889 1881 938 1930 pru
960 1867 1080 1916 Cluentio
1102 1868 1185 1916 Faces
1204 1880 1272 1931 nup-

169 1949 263 1996 eodem
284 1962 367 2011 prope
386 1948 461 1997 modo
482 1949 588 1999 Lucret.
607 1948 700 1998 iib.1v.
739 1938 869 1990 titlethtt
881 1950 966 1992 vocnt·

170 2024 178 2051 ‘
192 2023 228 2071 Et
239 2021 331 2086 quibus
343 2029 403 2072 ante
415 2023 484 2072 domi
501 2021 619 2073 fecunda
631 2040 701 2087 saepe
773 2015 867 2078 Viden',
882 2021 910 2065 ur
924 2015 993 2076 stim
1008 2015 1149 2080 Splendida
1160 2017 1271 2081 Wit'm

168 2098 321 2162 nequissent
332 2099 434 2146 Uxores
444 2113 532 2162 parere
543 2099 649 2148 inventu
660 2105 701 2148 est
737 2088 824 2152 cuuis]
849 2089 893 2140 stc
910 2091 953 2140 80¹
973 2092 1117 2140 auricomus
1135 2105 1151 2141 r
1168 2091 1272 2153 Poetis,

167 2172 219 2222 iilis
232 2187 334 2237 quoque
350 2187 457 2236 compar·
474 2175 586 2238 Natura,
603 2183 632 2223 ut
643 2189 700 2237 pos.
738 2166 843 2219 dicitur.
861 2169 897 2217 Et
907 2177 1009 2218 cometa
1016 2167 1270 2231 wmwimtffltchyl·

168 2255 228 2296 sont
250 2249 335 2309 gnatis
362 2248 464 2296 munire
491 2257 621 2298 senectam
630 2249 646 2297 ι’
672 2256 701 2299 et
738 2243 765 2292 in
776 2243 980 2307 Agamemnone,
995 2242 1116 2304 Πέμπονσι
1131 2244 1151 2291 δ’
1167 2244 1272 2292 &ridor-

168 2323 293 2386 Propert.
315 2323 361 2373 tib.
377 2338 416 2374 ιν.
444 2325 500 2373 ‘Et
522 2326 589 2373 serie
609 2324 700 2374 fulcite
739 2319 880 2386 maanus
895 2317 959 2380 utres
974 2320 1066 2381 sarpis
1081 2318 1271 2382 ubuum

168 2397 268 2459 genus!
300 2398 396 2446 Enseb.
409 2399 453 2448 lib.
466 2413 487 2448 r.
496 2400 528 2448 de
537 2400 700 2449 Constantini
738 2398 868 2449 eratiunt
878 2404 963 2446 autem
976 2397 1051 2458 dixit,
1060 2405 1090 2445 ut
1099 2404 1126 2445 et
1135 2393 1232 2446 Caluus
1244 2398 1271 2445 in

167 2469 338 2533 Imperatoris
350 2473 421 2534 Vita,
439 2473 480 2521 ubi
501 2473 534 2521 de
551 2472 700 2525 Alexandro
740 2474 919 2536 Epitiralanrio,
937 2473 1110 2536 ‘Hesperium
1124 2471 1272 2536 antejubsr

168 2544 342 2595 Macedonum
360 2547 441 2609 Rege,
459 2546 583 2610 Ἀτεκνσν,
599 2547 700 2611 ἄρριζον,
739 2549 857 2612 quatiens
866 2547 882 2596 ι’
917 2555 944 2597 et
974 2548 1067 2596 Graeoe
1096 2547 1272 2611 Theodectes,

167 2617 284 2668 ἀνέστιον
296 2628 332 2680 et,
343 2636 399 2670 cnm
410 2623 496 2685 gentis
506 2625 584 2672 totins
595 2626 701 2673 exitium
737 2624 862 2675 Ἐλίσσειν.
872 2623 907 2673 Ὦ
924 2625 1059 2686 καλιφιηγῆ
1076 2621 1179 2683 λαμπάδ’
1198 2621 1273 2672 είλίσ-

167 2694 423 2758 significant‚iisdem
434 2697 518 2746 verbis
527 2704 634 2748 utuntur
643 2715 701 2749 auo·
738 2716 787 2749 σαν
808 2698 911 2761 φλογὸς,
931 2698 985 2757 ἥλιε
1005 2701 1111 2747 ποθεῖνσν
1132 2700 1205 2748 πᾶσιν
1230 2699 1271 2748 ίιν-

168 2776 238 2820 tores
247 2771 489 2835 utriusquelinguae.
505 2773 702 2836 Sopir.Eiectra‚
737 2774 832 2838 θριίποις
841 2774 922 2823 σέλαι.

168 2846 221 2909 beri,
231 2847 283 2908 φεῦ,
293 2845 321 2895 τὸ
332 2848 379 2896 πᾶν
389 2847 418 2905 δη
428 2846 562 2896 δεσπόταισι
571 2848 701 2900 τοῖςπίλαι
770 2854 802 2898 80
814 2851 919 2898 Prodeus
926 2865 986 2898 noro
993 2849 1118 2916 nuptura
1129 2849 1172 2899 νέα
1182 2849 1270 2914 νύμφη.

168 2923 298 2988 πμίῤῥιζον,
326 2925 356 2975 ὡς
378 2924 460 2988 ἔοικεν,
489 2925 599 2990 ἔφθαρται
624 2926 700 2989 γένος·
738 2927 830 2974 Festus
849 2927 942 2988 Pomp.
959 2928 1088 2990 ‘Nuptias
1109 2928 1192 2978 dictas
1211 2943 1271 2978 esse

166 3002 354 3064 Virg.AEn.x1.
366 3004 374 3031 ⁴
386 3004 420 3052 Et
429 2998 543 3053 Euandri
552 3012 631 3054 totam
641 3021 699 3054 cum
738 3001 775 3050 ait
788 3002 881 3049 Santra
891 3001 925 3048 ab
936 3015 975 3062 eo,
985 3002 1054 3065 quod
1067 3002 1205 3066 Nymphae
1215 3003 1271 3052 dis·

168 3078 251 3140 stirpe
264 3079 363 3127 videbit
376 3079 549 3128 Proonbnisse
560 3080 682 3129 domum!
737 3083 812 3124 erunt
823 3076 910 3124 Graeoi
919 3076 1018 3139 antiqui
1027 3074 1113 3136 γάμον.
1147 3076 1214 3126 Inde
1226 3093 1271 3126 uo·

194 3140 231 3200 ’73
259 3153 372 3216 Finibus]
401 3152 529 3203 Absolute
552 3157 648 3218 posuit,
671 3165 699 3206 ut
737 3168 794 3203 vam
813 3161 919 3216 nuptam
937 3151 992 3201 νίαν
1010 3152 1120 3216 νύμφην]
1154 3154 1273 3205 Hocau-

168 3234 236 3288 post,
248 3228 255 3254 ‘
266 3227 346 3288 Oris,’
359 3228 458 3278 ‘eram
469 3229 581 3278 maxima
592 3231 618 3278 in
630 3231 698 3280 oris!
736 3235 790 3277 tem
802 3227 872 3276 atiud
885 3226 1019 3289 ἐπιφώνημα
1030 3229 1154 3291 nuptiale.

168 3299 247 3347 Ovid.
258 3301 304 3348 lib.
316 3315 348 3348 ιι.
368 3303 442 3364 Eleg.
454 3303 479 3350 in
492 3303 609 3367 amicam,
631 3307 700 3368 quod
769 3308 800 3351 81
821 3303 1123 3366 Turdotisgerrauspmior]
1141 3303 1274 3353 Inmrmr·

167 3372 310 3422 abortivum
327 3373 437 3437 fecerat,
455 3376 564 3426 eandem
584 3395 657 3440 paene
674 3383 699 3429 in
736 3379 975 3441 seriptisomnibns‚
986 3379 1154 3440 Turdet‚iilud
1165 3380 1272 3431 rectius.

168 3450 334 3512 sententiam,
357 3450 440 3500 ‘Quis
461 3451 558 3499 Priami
580 3453 700 3516 fregisset
736 3455 868 3517 Ingenuus
877 3455 971 3518 pudor,
982 3455 1057 3515 ἀγαθὴ
1069 3455 1131 3503 uiis.
1149 3455 1274 3520 Inscrip-

169 3537 242 3586 opes‚
255 3524 276 3571 si
293 3538 387 3572 numen
402 3539 525 3589 aquarum
540 3527 615 3576 Justa
627 3530 699 3579 recu·
736 3532 771 3579 tis
781 3531 950 3579 Granrmatici
960 3533 1065 3593 veteris,
1076 3525 1133 3595 quae
1146 3534 1217 3595 apud
1229 3547 1272 3582 me

169 3607 251 3648 sasset
270 3600 386 3662 pondera
402 3599 471 3648 ferre
483 3602 585 3650 Thetis?
618 3604 667 3652 lua
678 3608 699 3655 si
737 3612 807 3666 suut,
826 3605 902 3666 ἀγαθὴ
921 3606 941 3653 δ’
962 3605 1000 3654 ἐπί
1019 3607 1098 3664 ἤθεσιν
1109 3607 1171 3655 sibu·
1192 3609 1209 3656 o
1228 3610 1273 3658 τοῦ

168 3674 268 3722 tumido
289 3675 404 3736 geminos
424 3675 449 3722 in
463 3683 553 3724 ventre
571 3689 699 3744 necasset,
730 3680 859 3743 ’Θεοκρίτου
885 3680 1023 3733 διδάσκαλοι
1053 3685 1158 3742 Φιλητᾶς
1185 3683 1272 3748 upum.

168 3750 281 3799 Casurus
293 3749 402 3797 dominas
416 3749 535 3799 conditor
549 3753 621 3801 urbis
633 3765 697 3806 erat.
737 3755 894 3804 Claudianus
906 3757 931 3804 in
948 3759 1045 3822 nuptiis
1058 3760 1159 3809 Honori
1171 3768 1200 3811 et
1212 3764 1272 3812 Ma-

166 3825 193 3872 st
205 3827 294 3873 Venus
306 3825 410 3873 AEneam
423 3827 530 3887 gravida
545 3835 699 3882 temerasset
736 3830 793 3891 rtae,
808 3832 885 3880 ‘Jam
898 3838 987 3895 nuptae
1007 3835 1123 3897 trepidat
1140 3837 1273 3888 sollicitus

167 3899 272 3959 instro,
285 3900 431 3949 Caesaribus
451 3901 526 3949 tellus
538 3902 601 3951 orba
611 3903 699 3956 fotura
736 3904 829 3967 pudor,
847 3907 905 3955 Jam
925 3907 1039 3969 produnt
1058 3911 1187 3973 lacrymas
1198 3909 1272 3960 flam·

167 3971 234 4024 fnit!
735 3981 951 4044 meusiuplicsu'
985 3984 1119 4032 Vitruvius
1135 3986 1162 4034 in
1180 3986 1273 4036 Prom-

199 4052 231 4096 76
250 4051 359 4098 Claustra
373 4050 579 4113 penitissimas]
597 4053 637 4101 Ex
650 4055 697 4106 boc
735 4054 788 4100 mio
805 4056 849 4104 tib.
862 4069 899 4104 vr.
918 4058 1078 4119 ‘ingenuum
1098 4060 1214 4109 colorem
1231 4061 1290 4125 dig

169 4133 263 4180 genere
275 4130 325 4185 est,
344 4133 371 4173 et
388 4125 448 4174 huic
466 4127 618 4189 proximum,
635 4129 697 4193 Sap·
735 4126 798 4176 eit:'
822 4131 908 4187 ‘Mihi
925 4134 1029 4196 autem,’
1047 4134 1141 4198 iuquit,
1158 4135 1272 4201 ‘sprar-

169 4195 233 4255 pbus
246 4196 308 4244 iilud
325 4200 394 4260 apud
407 4201 630 4266 Hephaestionem,
646 4205 697 4269 περὶ
734 4202 1275 4276 captoribusesttraditum,rogstum,uon
