2752 4694
175 342 240 412 (154
296 368 299 373 ·
368 321 371 328 ’
423 349 1021 402 uourn.srarrroonnnnran1us

175 493 275 561 facturn
296 506 312 540 a
330 490 460 541 veteribus
479 490 564 555 politis
583 505 706 540 nonnum·
743 490 854 541 inclusas
874 491 975 554 pumice
993 491 1163 553 clazomenus,
1176 490 1274 540 Caussa

178 583 253 632 quam
265 568 378 616 invenio.
662 620 665 625 ,
742 565 819 625 latet,
839 565 962 615 bimarem
983 566 1032 613 nisi
1053 564 1121 629 quod
1144 565 1275 629 patientia

176 652 179 656 ’
210 645 307 694 σΝαι
320 643 372 691 rinc
386 642 547 704 deulibnarat,
563 640 707 704 tondentes]
742 639 859 690 morbum
879 640 1000 705 Adpetit,
1020 647 1048 690 et
1071 649 1144 704 tergo
1166 638 1274 705 femina,

175 721 209 770 ln
231 717 303 771 libris
326 719 520 782 manuscriptis,
544 719 583 768 bic
608 720 706 776 danim
743 716 812 780 pube
824 717 862 765 vir
874 716 919 765 es.'

176 795 244 860 quod
256 800 295 842 est
306 793 390 855 ipsum
402 792 567 855 probabilius.
774 797 791 841 6
807 792 893 855 Duas]
910 792 964 843 Aut
976 793 1090 858 loquere,
1111 798 1158 842 aut
1174 804 1277 841 caussas

207 875 224 919 6
239 868 361 930 Paxaea]
378 867 448 920 Quid
463 869 512 917 boc
524 866 598 916 verbi
609 867 652 929 sit,
663 865 707 915 de·
743 880 799 930 age.
869 912 872 917 .

177 948 277 998 clarent
288 944 397 998 Quintil.
409 949 437 992 et
447 945 518 992 Fest.
527 942 618 1005 Pomp.
1268 996 1271 1000 ι

207 1022 362 1071 tProetereo
379 1019 476 1078 Mum,
495 1018 585 1079 mrum
601 1016 707 1076 defessas
872 993 1024 1043 CARMEN
1041 993 1142 1041 XCIX·
1188 1061 1190 1064 .

175 1098 202 1149 ira
219 1100 279 1144 cartu
299 1093 413 1142 Meientis
430 1092 500 1140 mule
517 1106 605 1140 canam
623 1091 707 1140 babere
774 1092 950 1155 bSnuniolum
967 1093 1057 1142 dnicim
1072 1091 1200 1154 ambrosio]
1217 1091 1275 1142 Ho-

176 1171 246 1234 sotet]
263 1168 412 1233 Legendum
423 1165 492 1217 forte
503 1168 538 1216 sit
547 1168 572 1216 di
637 1181 706 1232 ,pro
742 1174 792 1219 rat.
814 1169 903 1219 1.0d.
923 1173 962 1216 13.
984 1168 1098 1231 ‘Speras
1117 1174 1273 1231 perpetuum

135 1301 137 1306 ,
178 1247 291 1306 defessus.
741 1243 1273 1305 dulciabarbareLaedentemosculaque

210 1326 241 1370 10
257 1321 336 1383 Atque
346 1319 423 1382 asino]
434 1318 529 1378 Ὄνουε,
546 1317 645 1380 opinor,
662 1331 706 1365 vo·
742 1321 830 1368 Venus
842 1320 941 1370 Quinta
958 1324 1033 1382 parte
1044 1317 1083 1366 sui
1102 1317 1216 1367 nectaris
1227 1316 1273 1363 irn-

176 1402 220 1445 cat
230 1395 374 1458 Xenophon
386 1395 465 1442 etiarn
483 1392 602 1456 ‘moias,'
614 1392 705 1456 quibus
741 1394 816 1445 buiu’

176 1468 305 1518 frumenta
315 1475 442 1519 teruntur.
774 1473 790 1519 8
810 1470 915 1533 quue
934 1469 1035 1532 amplius
1047 1467 1140 1529 mom]
1164 1465 1274 1534 Amplius

210 1549 241 1593 ln
258 1545 355 1606 AEgroti
372 1545 448 1592 culam
467 1542 557 1604 lingere
575 1542 705 1609 camisiale]
743 1557 802 1594 eum
822 1542 1041 1606 oeconomicam,
1054 1548 1084 1591 ut
1095 1542 1151 1592 Cic.
1171 1540 1274 1606 optimi·

176 1620 230 1670 cur
245 1616 350 1682 agrati?
366 1620 455 1682 itaque
471 1618 637 1666 vehementer
651 1633 705 1666 sus·
744 1633 794 1684 que
804 1619 848 1667 alii
860 1618 1008 1669 Latinitatis
1019 1625 1147 1681 auctores,

175 1696 248 1758 picor
265 1708 357 1743 nomen
379 1694 510 1757 proprium
522 1691 610 1755 fuisse,
627 1698 705 1756 atque
774 1698 790 1742 4
807 1693 922 1764 mcum
933 1693 960 1746 ia
969 1707 1059 1750 nmmo
1070 1707 1107 1742 me
1118 1691 1214 1742 memini
1224 1705 1274 1741 esse

176 1771 312 1832 scriptum,
334 1769 433 1831 Agraii,
461 1773 506 1816 aut
527 1767 627 1829 Argoli,
661 1772 707 1815 aut
743 1768 822 1831 nuce]
848 1769 906 1819 Quo
919 1768 993 1817 modo
1006 1769 1034 1818 in
1049 1781 1127 1817 curce
1139 1764 1222 1829 suffigi
1234 1772 1274 1813 at·

176 1844 265 1906 quovis
281 1843 330 1891 alio
345 1843 421 1890 modo
433 1856 484 1890 non
496 1841 632 1891 dissimile:
651 1855 706 1892 cor·
744 1857 794 1905 que
806 1843 927 1905 suspendi
947 1844 1068 1905 solerent,
1079 1855 1142 1907 quos
1162 1856 1194 1891 eo
1213 1854 1274 1902 snp-

176 1925 282 1982 ruptum
294 1917 388 1966 deinde
399 1917 435 1981 in,
446 1917 551 1979 AEgroli.
743 1917 823 1985 plicio
835 1916 985 1979 adficerent,
1005 1917 1096 1966 Maon.
1107 1915 1214 1965 Astron.
1227 1915 1274 1963 lib.

745 2007 771 2041 v.
781 1992 911 2045 declarat:
923 1994 931 2020 ‘
942 1991 979 2042 At
989 1992 1063 2041 simul
1072 1989 1160 2040 infesti
1169 1996 1274 2039 venturu

294 2043 446 2096 CARMEN
463 2043 589 2094 XCVIII·
637 2116 641 2125 ,
744 2073 785 2115 est
795 2066 827 2114 ad
838 2066 917 2115 litora
927 2067 1017 2127 Ponti,
1031 2065 1120 2117 Mollia
1132 2078 1179 2127 per
1197 2063 1275 2111 duras

209 2146 273 2194 11ἰ
291 2149 323 2201 its
340 2144 363 2192 δί
378 2143 405 2192 ῡῑ
420 2157 565 2206 qumquam,
583 2143 631 2191 dici
644 2148 707 2206 pose,
744 2144 892 2209 panduntur
907 2143 1012 2194 brachia
1031 2149 1129 2192 cautes.
1172 2140 1276 2189 Astrin·

175 2220 259 2284 putide
273 2219 351 2282 Venti]
368 2219 424 2281 Ego
435 2217 616 2281 manuscriptis
628 2218 708 2267 etiam
744 2235 806 2269 xere
818 2219 896 2283 pedes
914 2219 1037 2283 scopulis,
1054 2218 1201 2284 injectaque
1220 2217 1275 2268 vin-

176 2295 250 2345 libris
265 2296 349 2345 Venti:
365 2292 432 2357 quod
445 2294 466 2341 ri
478 2292 634 2356 probabilius
640 2293 710 2356 judi·
744 2296 794 2357 cla,
807 2296 842 2344 Et
853 2308 931 2345 cruce
941 2294 1056 2357 virginea
1067 2292 1191 2341 moritura
1203 2291 1275 2354 puel·

178 2384 274 2432 camus,
284 2369 421 2430 legendnm
434 2368 535 2415 omnino
551 2368 617 2416 Vetti
624 2382 635 2424 ‚·
655 2367 709 2416 Vet-
744 2368 771 2417 la
781 2369 923 2432 pependit.’

178 2444 240 2493 tium
267 2443 336 2492 enim
363 2448 391 2490 et
417 2441 521 2490 Vettium
549 2438 709 2489 scribebant.
777 2443 939 2494 dTontr'llum
955 2448 1040 2492 nestra
1055 2444 1146 2492 mne
1163 2439 1276 2502 soeodioe]

179 2517 298 2579 Namque
317 2521 345 2564 ut
362 2521 450 2564 cetera
466 2515 602 2562 vetustatis
620 2527 709 2562 monn·
748 2517 846 2579 νεμέτω,
858 2517 891 2565 de
903 2531 971 2577 uno;
994 2524 1024 2566 ut
1034 2523 1062 2565 et
1073 2515 1152 2566 Ovid.
1169 2516 1240 2564 Fast.
1253 2529 1275 2565 ι.

180 2598 268 2643 menta
287 2589 489 2652 praeteream,in
505 2589 587 2637 bortis
607 2586 710 2637 Roduifr
743 2593 828 2641 ‘Pax
850 2599 915 2654 erat,
941 2599 969 2641 et
995 2592 1085 2652 vestri,
1108 2590 1276 2649 Germanice,

179 2663 223 2714 Pii
242 2663 385 2712 Cardinalis
414 2661 554 2724 Carpensis
579 2668 709 2711 vetustum
745 2682 836 2716 caussa
856 2669 977 2730 triumphi
991 2667 1146 2716 Tradiderat
1162 2665 1274 2716 domitas

178 2752 290 2788 marmor
300 2736 444 2802 hujusmodi
455 2737 536 2785 literis
553 2737 661 2785 incisum
673 2737 707 2786 le·
740 2741 795 2804 jam
815 2740 864 2790 tibi
885 2742 990 2790 Rhenus
1013 2740 1117 2804 aquas?
1145 2747 1173 2789 et
1193 2741 1275 2803 Verg.

178 2815 257 2879 gitur,
266 2827 292 2864 n.
305 2825 431 2862 unamve.
447 2822 474 2861 n.
487 2825 511 2862 s.
523 2824 583 2861 ovr.
601 2824 707 2868 vanum.
744 2818 752 2846 ⁴
766 2816 868 2866 Crimen
880 2809 951 2865 amor
963 2814 1095 2865 vestrum!

179 2900 207 2937 n.
225 2902 250 2938 r.
267 2901 352 2938 vxor.
743 2937 746 2942 ,
777 2887 1276 2952 8Absterslgnttis]1nveteribuslibris,

211 2967 227 3012 4
246 2964 324 3026 culos,
335 2968 359 3011 et
369 2963 476 3026 crepidas
491 2963 581 3024 lingere
598 2962 710 3013 Carbotr'·
747 2966 831 3015 Gallio
841 2965 939 3016 abstersi
944 2979 955 3023 ,¹
978 2965 1174 3028 faciendumque
1185 2962 1276 3011 abster-

179 3040 232 3102 κω]
248 3040 303 3102 Ego
313 3038 373 3087 vero
384 3039 409 3086 in
420 3038 546 3087 Politiaui
556 3039 710 3092 sententiam
745 3040 810 3105 aisti,
822 3039 892 3110 quod
904 3046 945 3088 est
955 3041 1048 3103 aptius.

180 3114 273 3164 lubens
281 3128 325 3162 en:
335 3114 478 3176 presertim
487 3126 545 3161 cum
553 3112 710 3174 gravissimis
780 3122 811 3166 10
829 3120 956 3179 Tamquam
967 3117 1099 3165 commater
1109 3128 1192 3177 spurco
1201 3113 1278 3162 aulico

165 3210 169 3219 ¹
181 3197 299 3240 veterum
310 3197 445 3239 auctorum
455 3190 619 3256 testimoniis,
630 3191 710 3253 iisque
746 3192 817 3257 lupae]
828 3193 860 3248 In
868 3192 1108 3256 librisquibusdanr,
1116 3189 1278 3245 comminetur,-

166 3265 348 3314 vfirmamentis
367 3265 474 3325 nitatur,
487 3264 577 3327 quibus
595 3264 648 3327 isti,
667 3264 711 3329 qui
747 3269 773 3317 in
786 3267 999 3329 alliamenta:
1012 3280 1045 3314 ex
1054 3280 1103 3329 quo
1113 3264 1210 3313 factum
1219 3265 1277 3328 opi·

180 3339 455 3402 reprebeudurrt,nihil
471 3336 583 3387 afferunt
598 3346 710 3401 autgra·
746 3356 804 3405 nor,
830 3342 990 3391 comminatae:
1021 3340 1110 3403 itaque
1136 3339 1276 3402 legendum

181 3414 239 3463 vius
251 3418 296 3460 aut
315 3413 418 3474 melius,
436 3419 533 3474 praetcr
549 3413 709 3463 inanissimas
748 3415 972 3478 malaconjuncta.
1005 3412 1138 3477 ‘Lupum’
1150 3427 1212 3461 vero
1224 3426 1278 3460 me-

181 3487 321 3537 rationes.‘
350 3487 554 3536 Obscoenitatem
582 3487 710 3550 ejusmodi
749 3479 878 3545 retriccm¹
897 3488 1028 3551 intelligit.
1082 3485 1222 3535 Placiades
1249 3486 1277 3532 in

180 3565 256 3613 Euro
269 3562 373 3627 cuidam
384 3563 508 3626 objiciens
520 3562 659 3627 Ausonius,
671 3565 709 3616 sic
750 3565 866 3615 Glossis:
884 3565 892 3591 ‘
905 3565 1014 3627 Lupam,
1025 3560 1197 3621 meretricem,
1209 3575 1225 3608 a
1236 3574 1279 3608 rn-

181 3639 284 3704 scribit,
300 3640 394 3688 ‘Eune
405 3639 473 3702 quod
490 3639 578 3689 uxoris
596 3639 710 3703 gravidae
749 3639 873 3703 pacitate,
883 3639 950 3688 vela
966 3635 1072 3686 libidine
1088 3633 1163 3696 bujus
1180 3633 1279 3682 anima·

181 3713 275 3779 patriae
287 3715 395 3777 inguina
412 3713 503 3776 ambis,
514 3714 631 3762 Festinus
644 3714 710 3777 gios-
748 3715 798 3777 lis;
815 3715 927 3763 undeet
944 3714 1065 3775 Lupanar
1077 3708 1197 3758 diciturz’
1220 3708 1278 3759 Cic.

182 3806 224 3840 sas
243 3803 294 3840 non
310 3791 377 3840 natis
395 3788 498 3839 tradere
515 3789 607 3838 natis:²
631 3798 710 3854 atque
750 3802 798 3852 pro
809 3788 916 3849 Milone,
934 3785 1012 3849 ‘lile,
1023 3785 1067 3848 qui
1077 3796 1178 3847 semper
1188 3795 1279 3832 aecum

182 3866 255 3927 alibi,
264 3866 272 3893 ‘
282 3866 392 3930 Inguina
402 3865 469 3929 quod
481 3865 565 3915 calido
577 3867 647 3914 levas
662 3864 710 3915 tibi
750 3871 845 3928 scorta,
863 3877 965 3927 semper
982 3863 1107 3922 exoletas,
1124 3872 1228 3922 semper
1237 3859 1279 3910 ln·

182 3942 305 4005 dropace,
325 3956 415 3991 caussa
432 3947 483 4003 est,
501 3940 615 3990 Inritant
625 3942 709 3991 volsas
750 3953 797 4004 pas
825 3938 946 3988 ducebat.
980 3937 1024 3986 Sic
1050 3934 1166 3984 Martini.
1186 3933 1233 3982 lib.
1256 3946 1278 3984 r.

183 4016 250 4064 levia
270 4015 385 4065 membra
407 4016 487 4079 lupas.
522 4016 580 4065 Sed,
593 4017 660 4080 quod
682 4022 710 4066 et
750 4013 938 4064 ‘Abscondunt
948 4025 1053 4075 spurcas
1064 4010 1119 4059 iraec
1131 4020 1280 4058 monumen·

183 4090 251 4144 elixo
263 4091 391 4153 plantaria
403 4092 496 4158 podica
509 4091 592 4157 vellis,
604 4093 639 4142 Et
650 4092 710 4142 teris
750 4097 778 4142 ta
788 4089 877 4156 lupas?
910 4086 984 4146 Sunt,
995 4086 1040 4154 qui
1055 4083 1206 4138 onustam
1217 4081 1281 4134 reti«
