2752 4694
195 324 261 391 '788
521 337 658 386 anon.
684 335 809 384 arvrur
835 336 944 385 nora

194 485 291 533 bellom
313 480 417 532 tloribur
438 481 502 532 ibat.
537 483 562 532 0
579 496 646 531 nova
665 495 729 544 pag·
765 478 1012 539 uliquedegotimeo,
1029 473 1304 539 imprimentem

194 559 271 608 nandi
300 559 418 621 speciest
448 572 498 607 non
527 559 580 607 alea
611 557 728 607 harundo
765 553 1043 603 donniaoideuaaomaio
1053 551 1137 601 acerbo
1152 550 1221 599 milri.
1250 551 1304 598 Cu·

194 635 284 685 Nervo
297 635 370 696 palea
381 633 457 697 fugit,
468 632 590 682 frameam
605 646 653 681 nec
664 632 727 680 dex·
765 629 827 692 pido
839 643 948 693 namque
965 628 1047 677 nudor
1066 625 1225 691 pingebatur
1239 625 1304 674 Pbi·

195 718 238 760 tra
253 711 378 758 minatur:
396 710 447 759 Sed
458 710 538 758 violae
549 707 728 770 lascivajacit,
764 707 837 756 loetr.
850 707 930 756 lcone
945 706 1012 769 ejua,
1027 711 1055 754 et
1072 703 1238 752 simulacrum
1250 701 1303 751 Cn·

194 784 314 850 foliisque
325 799 441 834 rosarum
457 784 583 843 Dimicat‚
599 782 726 845 inspirans
764 782 861 845 pidiuia
870 781 931 830 nudi
940 789 981 830 ert
990 780 1061 844 apud
1069 781 1138 829 Plio.
1147 779 1193 827 lib.
1202 791 1304 828 mer.

192 860 595 925 labefactaperoasavenenum,
613 860 726 908 Etmale
763 871 820 922 cap.
844 863 870 906 ὅ.
912 857 1038 907 Rationes
1065 855 1125 904 vide
1153 853 1300 903 Alexandr.

194 936 276 984 dulcis
288 937 351 984 odor
362 936 450 985 domat
463 949 517 995 ora,
535 941 561 982 et
580 941 689 997 pectora
699 939 726 982 et
763 930 851 980 Probl.
861 945 917 994 cap.
928 935 970 981 85.
988 931 1110 980 laudante
1127 944 1230 995 quoqne
1241 930 1301 980 loca

193 1013 281 1061 arma!
306 1009 725 1075 ComerqoScriv.acriptumbic
763 1009 807 1059 illa
817 1008 866 1056 Tb.
880 1009 1039 1071 Dempatero
1051 1008 1175 1058 additam.
1194 1007 1228 1056 ad
1246 1006 1302 1056 An·

194 1088 342 1150 reperisset,
359 1087 431 1134 Totae
447 1091 481 1134 eat
498 1085 595 1134 inermia
610 1084 680 1146 ideoq
697 1091 726 1132 nt
763 1085 810 1148 tiq.
823 1084 898 1133 Rom.
910 1083 955 1133 lib.
967 1099 998 1133 rr.
1018 1099 1078 1148 pag.
1091 1087 1148 1132 118.
1179 1085 1217 1132 Et
1233 1082 1302 1132 infra

193 1176 243 1212 non
254 1163 330 1211 modo
341 1163 438 1222 aenani,
455 1161 500 1210 aed
517 1168 546 1209 et
558 1161 643 1209 verani
655 1160 726 1209 labo·
763 1162 837 1224 plura
849 1160 881 1210 ud
897 1174 963 1209 vere.
976 1165 1017 1209 56.
1052 1158 1140 1223 Atque
1157 1159 1200 1207 bic
1213 1158 1302 1208 obiter

192 1238 261 1287 renti
270 1237 426 1299 mederetur,
437 1237 593 1300 trajectione
601 1237 726 1286 constitu·
763 1237 789 1284 in
810 1243 920 1284 mentem
939 1237 1010 1285 venit
1033 1235 1155 1295 Neronia,
1177 1234 1221 1298 qul
1245 1241 1301 1284 ten·

192 1312 288 1361 endum
308 1313 392 1361 locum
416 1313 527 1376 putavit,
554 1320 581 1360 et
603 1312 727 1361 Salmaaio
764 1325 840 1375 quarn
860 1310 925 1360 alter
942 1310 1051 1358 Veneria
1067 1311 1214 1373 Martiaque
1231 1308 1300 1358 filiua

192 1402 295 1453 quoque
305 1388 467 1451 adprobavit,
480 1389 524 1436 Eat
540 1389 567 1436 ia
583 1388 656 1436 armia
665 1391 728 1437 totae
764 1389 920 1438 crudelitate
932 1394 960 1438 et
970 1388 1078 1437 libidine
1091 1386 1247 1450 Cupidinem
1260 1401 1302 1436 ru·

191 1465 266 1512 idem.-
292 1464 341 1512 niai
360 1463 417 1527 qnia
439 1463 476 1512 ita
493 1463 573 1511 velit:
603 1463 674 1510 Totae
691 1456 738 1510 ert‘
764 1463 892 1527 perabat;
916 1474 985 1513 nuuc
1004 1462 1106 1527 quidem
1125 1462 1302 1524 voluptatibus

192 1545 297 1588 emmae
320 1540 391 1599 iden,
413 1546 457 1588 ant
484 1539 566 1587 aimlla
592 1538 666 1602 qnid,
688 1547 726 1599 ut,
763 1541 931 1590 muliebrlbna
949 1547 1022 1589 totna
1041 1539 1222 1588 immeraaaet
1239 1538 1301 1588 arui-

193 1615 337 1678 Neatr'qrrom
348 1619 384 1663 eat
394 1615 491 1664 inermia
500 1614 570 1663 idem.
590 1614 653 1676 lpee
665 1628 727 1663 vero
763 1629 819 1676 cue,
830 1615 973 1680 poritiaque
987 1615 1066 1664 veluti
1082 1613 1160 1662 armia
1177 1613 1262 1663 nndua
1273 1620 1301 1664 et

192 1705 252 1740 cum
267 1705 410 1750 cernerem,
427 1692 579 1754 argutiolam
598 1690 726 1752 geminam
763 1691 851 1749 mitia3
868 1705 927 1738 mox
944 1689 1062 1739 reanmtia
1079 1689 1191 1738 cararia
1204 1689 1301 1739 viribua

192 1767 233 1814 bic
244 1765 401 1816 adfectatam
419 1781 435 1814 a
452 1773 539 1815 noatro
552 1766 677 1821 Auctore,
697 1773 725 1813 nt
761 1772 885 1826 armatur,
895 1777 944 1814 uec
955 1778 1067 1829 unquam
1077 1762 1185 1826 seriana,
1200 1765 1247 1814 aed
1265 1765 1302 1813 vi·

192 1840 268 1888 aienti
291 1853 434 1902 pregreaao
452 1838 626 1897 Terreaticlro,
650 1835 727 1884 Amo·
764 1853 848 1888 rorum
861 1840 1140 1904 tamjuvennm,quam
1152 1853 1243 1888 aenum
1254 1838 1300 1888 ila-

192 1927 246 1961 renr
259 1927 308 1961 non
320 1912 439 1961 feriatum
451 1919 479 1961 et
492 1910 615 1960 feriatum
632 1910 726 1959 iisdem
763 1915 829 1977 gitia
851 1915 915 1963 diris
933 1915 1015 1964 modia
1032 1928 1184 1980 exaequans.
1216 1915 1301 1964 Sicuti

191 1986 277 2035 verbis
298 1986 484 2050 pradicaaaet:
510 1986 547 2034 ita
565 1998 623 2032 euru
642 1984 726 2046 iprum
763 1989 808 2037 illa
820 1991 906 2039 omnia
919 1991 1027 2039 Petron.
1038 1989 1161 2054 satyrico
1171 2004 1217 2039 ano
1230 2004 1301 2053 vere,

191 2063 262 2111 lriace
278 2069 388 2126 quatuor
405 2062 528 2125 proximia
545 2060 662 2109 versibus
680 2073 726 2107 nu·
764 2077 815 2111 noo
827 2064 925 2112 minore
938 2069 1023 2112 tamen
1037 2078 1095 2113 com
1112 2062 1213 2126 flagitio
1227 2078 1301 2113 reve-

192 2137 252 2185 dnro
269 2144 297 2186 et
316 2152 365 2186 non
387 2136 493 2197 nudam,
511 2137 575 2185 item
593 2135 726 2195 inermem,
763 2135 837 2188 lavit.
855 2140 899 2188 De
910 2153 961 2203 que
972 2139 1036 2189 Jnlii
1047 2139 1181 2204 cujusdam
1193 2154 1301 2190 carmen

190 2225 238 2260 nee
254 2219 339 2260 tamen
359 2226 462 2275 prorsus
479 2213 613 2269 inermem,
630 2215 724 2257 neutra
763 2227 779 2262 a
800 2215 895 2263 Binero
917 2216 1006 2264 Romae
1029 2215 1055 2263 in
1086 2215 1149 2265 Var.
1171 2215 1302 2265 Bibliorh.

189 2283 292 2336 irrorata
315 2301 377 2336 voce
400 2286 517 2335 dixerit:
546 2286 635 2348 itaque
656 2284 725 2347 lego,
763 2288 955 2337 mendoalaairne
983 2288 1143 2353 descriptum
1175 2290 1301 2353 babetur,

194 2358 266 2409 Totae
277 2362 340 2410 baud
351 2362 447 2409 mermia
462 2361 534 2422 idem
549 2361 641 2422 quondo
652 2361 727 2407 aedita
762 2364 831 2429 qaod
850 2379 907 2414 cum
930 2380 945 2414 a
963 2366 1082 2415 maximia
1101 2367 1162 2414 viria
1185 2367 1300 2416 nondum

191 2442 227 2484 eat
244 2439 334 2485 Amor.-
359 2438 408 2485 lroc
423 2443 482 2494 eat3
510 2434 587 2482 Licet
606 2432 725 2481 videatur
764 2440 865 2489 restitui
884 2441 1010 2505 potuerit,
1026 2441 1067 2490 lric
1086 2441 1206 2504 perfecte
1225 2441 1300 2491 adae·

189 2511 277 2573 all‘tua
288 2525 320 2557 θλ
337 2516 412 2573 parte
428 2514 584 2567 0¹³³sssser
595 2506 724 2571 haudqufl·
763 2529 821 2564 rere
839 2522 866 2565 et
883 2515 1042 2579 postliminio
1059 2517 1184 2566 reducere
1197 2523 1300 2579 sataga-

191 2601 267 2648 quam
280 2593 364 2635 tamen
381 2601 413 2633 ex
430 2585 514 2643 omni;
533 2598 580 2633 nec
598 2589 669 2632 totua
686 2597 723 2630 ar·
763 2605 834 2639 mus:
852 2591 983 2641 ‘Petroni
1002 2605 1107 2640 eumen
1129 2590 1218 2640 divino
1237 2606 1302 2654 pon.

190 2661 239 2708 mie
251 2668 354 2718 exutua,
366 2660 411 2708 aed
425 2660 465 2708 vel
478 2661 503 2707 in
512 2661 630 2708 nuditate
642 2659 686 2707 illa
697 2666 725 2707 et
763 2666 928 2728 (terecurrit,
944 2668 1003 2719 Quo
1016 2666 1141 2730 juvenum
1153 2680 1239 2715 mom
1257 2681 1299 2715 ῃ.

189 2735 380 2798 pulchritudine
390 2733 539 2798 quibuadam
548 2733 632 2781 adbuc
644 2732 725 2780 muni·
762 2741 818 2802 gun
836 2749 916 2805 atque
933 2757 1032 2791 mmm,
1066 2742 1204 2793 Quartilla,
1222 2757 1300 2806 pm„

189 2808 233 2859 'tna
255 2818 283 2859 et
305 2809 458 2858 metuendus
481 2817 531 2857 eat.
573 2806 649 2857 Adria
666 2807 726 2871 Ἄρη
752 2815 860 2878 pudet
872 2816 969 2866 lasciva
981 2817 1079 2879 paena,
1090 2814 1127 2865 At
1138 2831 1243 2880 quoque
1253 2816 1300 2866 de.

189 2887 265 2947 γυμνὴ
281 2885 328 2950 γὰρ
343 2885 483 2948 moramur
505 2882 628 2947 Κυθέρειαι
653 2885 725 2932 Nudo
763 2888 944 2953 liciaafrigida
960 2891 1041 2939 aeotit
1058 2903 1130 2938 anua.
1166 2891 1234 2939 Nam
1251 2905 1299 2953 pa·

189 2963 318 3010 deurmuati
333 2963 439 3010 Mortem
451 2960 571 3023 Cytherea
586 2961 624 3007 vel
638 2960 724 3021 iprum,
763 2965 826 3013 riter
843 2964 893 3013 diri
910 2964 992 3030 (duri)
1008 2965 1165 3028 arripuitque
1186 2965 1300 3015 Neronia

189 3038 274 3100 inquit
296 3036 422 3086 Leonides
444 3036 469 3083 in
491 3034 595 3084 Aotbol.
623 3034 667 3083 lib.
684 3048 722 3083 ιν.
762 3039 972 3105 antummum)
988 3039 1106 3102 Arbiter,
1118 3039 1299 3090 arbitriodic·

187 3106 488 3164 Tit.1a.erMosolmuin
499 3112 593 3161 Amore
602 3111 724 3174 fugitivo,
762 3123 803 3166 tus
817 3117 855 3166 ita
866 3116 922 3179 ipae
933 3115 998 3165 auo!
1017 3115 1049 3165 ld
1062 3121 1111 3177 eat,
1120 3116 1261 3165 Petronius
1271 3123 1300 3166 et

192 3188 278 3249 rvnrir
288 3189 332 3248 μὲν
341 3189 400 3251 τόγε
411 3193 485 3250 σῶμα,
494 3186 545 3237 νόος
555 3187 583 3236 δέ
589 3188 612 3236 oi
622 3185 724 3247 ἐμπεπύ·
761 3206 827 3242 vena
838 3192 948 3242 Politice
959 3199 987 3241 et
1000 3192 1023 3240 vi
1036 3191 1118 3254 pollet
1136 3190 1280 3240 Rhetorica
1290 3208 1298 3252 ;

189 3280 292 3312 κασταιι
315 3265 413 3313 Nudum
430 3278 512 3326 corpur
528 3264 607 3324 balet,
623 3267 723 3312 mentem
760 3269 805 3318 illa
817 3270 928 3319 virorum
939 3267 994 3318 iere
1005 3268 1069 3316 vitia
1079 3276 1108 3317 et
1118 3266 1189 3316 circa
1201 3267 1297 3329 Remp.

184 3338 287 3397 fniluoiu
303 3342 374 3388 uelut.
399 3339 502 3388 Antlrol.
522 3339 568 3388 lib.
582 3353 620 3388 ιν.
646 3338 724 3388 addus
760 3351 848 3394 errata
858 3344 923 3393 eluit
934 3352 963 3392 et
975 3341 1196 3406 castigavit3'lrac
1213 3342 1296 3405 magia

189 3412 423 3476 lqpirmvsiadyor
436 3415 539 3472 θνητοῖσι
551 3413 724 3478 papiniani·
760 3429 904 3470 acortorum
932 3432 1077 3482 annumque
1102 3417 1297 3479 decrepitarum

184 3490 234 3537 ‘dus
251 3489 347 3551 irrepis,
365 3488 389 3551 d,
406 3487 475 3538 τέκος
494 3490 654 3552 ’appo-yemis·
688 3491 723 3538 Oi
760 3495 893 3544 Venereaa
904 3493 1086 3556 expeditioner
1099 3493 1126 3540 in
1142 3492 1229 3541 reluta
1239 3506 1298 3540 ora·

185 3563 278 3622 aradam
297 3564 428 3628 πυρόεσσαν
446 3564 579 3631 ἐκῃρμένος,
597 3567 645 3615 odl’
664 3567 723 3630 lpi-
761 3569 832 3618 tione
852 3569 987 3631 depexuit,
1004 3568 1159 3621 Quartillam
1183 3567 1298 3629 cumpri-

189 3649 279 3690 λακτον
299 3642 341 3690 Ἐκ
368 3642 448 3708 alpaor
472 3641 570 3698 βάλλων
594 3641 723 3692 dvrrrdmro
760 3643 808 3692 mir
820 3644 911 3706 Priapi
927 3643 1098 3692 Sacerdotem
1114 3657 1173 3692 cnm
1190 3643 1297 3705 virgun-

190 3717 270 3773 βέλος.
286 3718 372 3768 Ἄλλοι
389 3718 553 3783 θαρσείτωσαν·
572 3719 619 3779 ἐγὼ
630 3719 659 3782 δ’,
667 3716 723 3779 aot·
760 3718 819 3767 cula
836 3718 861 3766 iu
879 3718 1018 3768 maximum
1035 3724 1148 3781 repente
1162 3716 1243 3766 riuum
1260 3716 1298 3764 ef·

188 3813 261 3858 ρωχε,
272 3793 371 3860 δέδοικα,
380 3796 420 3855 Μή
429 3814 468 3857 μοι
478 3796 517 3846 rol
525 3795 635 3845 κνώσσων
642 3794 723 3858 amplo
760 3791 849 3853 forero,
864 3799 893 3841 et
910 3806 969 3842 nrox
984 3793 1055 3843 Divo
1075 3808 1121 3842 auo
1135 3793 1296 3856 pervigilan-

188 3871 274 3934 ὄνειρον
282 3871 352 3936 lips:
376 3871 723 3935 normannigenam
761 3875 814 3918 tern
841 3868 985 3932 exagitans.
1018 3868 1062 3918 Sic
1090 3869 1158 3917 enim
1186 3868 1297 3918 Petrou.

188 3948 325 3996 mortolibm
335 3948 406 4008 india,
417 3947 524 4009 Dormio,
535 3945 613 4010 obsiti
625 3945 722 4008 Spami·
759 3945 875 3995 scribere
887 3944 985 4008 gestiit,
1002 3950 1032 3993 ut
1046 3943 1121 3992 airunl
1137 3943 1188 3992 diri
1202 3943 1297 3992 crude·

185 4035 254 4082 geaoe
263 4024 391 4077 indomite,-
403 4021 536 4084 [gaisonem
544 4021 722 4082 haudquaquam
759 4019 841 4084 liaqne
853 4020 965 4070 Neronia
975 4019 1056 4076 illinc,
1068 4025 1096 4068 at
1106 4016 1167 4068 binc
1177 4018 1296 4083 ejusdem

181 4096 288 4156 firmium
299 4099 381 4159 erigis,
398 4098 440 4147 uui
458 4104 497 4145 tuo
513 4097 542 4145 ab
558 4111 613 4144 arcu
630 4096 720 4158 Impro·
759 4096 836 4144 amici
849 4095 1009 4159 atquemitia
1026 4095 1182 4158 voluptuarii
1196 4096 1297 4145 arbiter

186 4173 237 4220 oba
247 4174 310 4232 jucis
326 4173 415 4235 apicula
425 4171 541 4235 flexibili.
576 4170 629 4219 Sint
644 4172 721 4219 securi
755 4171 816 4233 jure
828 4173 919 4234 possit,
936 4178 963 4219 et
980 4185 1025 4220 auo
1039 4171 1142 4236 quidem
1159 4171 1240 4234 ipaiua
1255 4185 1296 4219 ar·
