2752 4694
194 300 259 365 780
538 316 656 365 sunu.
682 317 805 365 rervrrrr
831 317 939 366 nuru

194 463 251 522 tyto
269 474 307 510 vs.
325 463 382 508 ³85.
398 458 523 522 loquitur,
539 459 582 508 bio
601 459 724 523 intelligi·
760 459 809 509 tuli
827 460 945 520 dixisset,
962 461 1071 511 ‘Flores
1088 462 1222 512 nitescunt
1239 462 1295 512 dis·

194 546 247 594 tur,
269 543 298 586 et
318 536 464 597 ‘Neptunii
485 536 563 601 equi,'
585 538 674 600 qunles
696 542 725 586 et
759 536 847 585 colore
866 536 991 598 germine,
1007 536 1175 601 Pinguutqne
1193 544 1293 588 terram

194 613 293 660 Proteo
302 609 371 674 apud
382 610 454 674 virg.
464 611 563 673 Georg.
574 624 613 660 ιν.
622 626 658 660 rs.
666 615 722 661 388.
760 612 884 677 gemmeis
893 611 1050 672 bonoribus:
1073 612 1160 673 idest,
1177 626 1293 676 gemurs-

193 688 301 752 ‘aequor
320 686 373 739 Qui
390 686 486 749 juncto
503 687 627 750 bipedum
646 703 723 738 eum
760 701 816 737 rum
834 688 915 738 instar
932 688 1088 750 lucentibus,
1110 688 1171 737 iude
1190 691 1293 753 Lipsius

193 763 301 812 metitur
320 762 463 826 equorum.'
494 764 643 828 Qualesque
665 765 723 828 bip·
759 764 811 829 legi
820 779 896 827 posse
905 765 1018 826 gemmis
1035 765 1063 812 iu
1084 764 1225 814 i'roclraico
1241 767 1293 815 isto

194 839 325 902 pueaurpi,
344 838 389 902 qui
408 839 506 901 priores
517 839 599 901 pedes
616 840 723 904 babent,
759 841 878 904 putavit,
896 841 943 890 sed
960 841 1058 904 syllaba
1076 841 1115 890 sic
1134 841 1292 899 abundaret,

193 913 381 977 posterioribus
392 921 491 975 carent,
510 921 538 964 et
555 921 661 976 pontum
681 930 723 966 re·
760 917 809 967 ulsl
820 917 889 967 forte
898 918 1011 978 gemmas
1020 917 1122 980 legerit,
1133 924 1163 966 ut
1174 917 1293 980 dissylla-

191 989 300 1052 migaut,
314 990 400 1039 Statio
414 1004 517 1054 quoque
535 989 632 1039 Acbill.
644 991 689 1040 lib.
701 1005 722 1042 1.
759 993 828 1054 bum,
836 1007 885 1042 ceu
895 993 979 1042 Scriv.
991 993 1081 1055 voluit,
1090 994 1134 1057 qui
1147 992 1216 1056 apud
1227 994 1294 1042 Pru*

191 1065 384 1127 describuntur,
400 1067 494 1115 ‘Pone
505 1072 606 1130 natant,
622 1066 722 1116 delent·
759 1068 831 1118 deut.
848 1067 1032 1131 ‘sanguineis'
1049 1069 1129 1131 Hyrn.
1141 1082 1160 1117 ι.
1177 1068 1292 1118 insimili

192 1155 242 1206 qne
254 1140 350 1204 pedum
360 1141 470 1204 vestigia
486 1142 587 1193 cauda)
619 1143 657 1192 Ut
677 1142 722 1192 ad·
758 1143 1072 1211 'l'roclraicoubservavit
1099 1143 1176 1193 Unde
1185 1141 1291 1194 fortean

191 1219 294 1267 uomrit
304 1217 468 1267 doctissimus
477 1218 610 1269 Weitaius.
642 1219 722 1269 Haud
757 1234 861 1283 quoque
880 1217 989 1280 factum,
1005 1219 1075 1282 quod
1093 1220 1119 1268 in
1135 1220 1214 1270 Salsu.
1225 1221 1291 1271 cod.

192 1293 347 1343 absimiliter
366 1294 436 1356 apud
454 1293 534 1357 Apul.
553 1295 664 1348 Metam.
676 1295 722 1379 lib.
757 1295 907 1357 legeretur,
923 1295 975 1357 ipsu
988 1296 1090 1356 gemmis
1106 1301 1289 1360 purpurantem

191 1382 231 1417 ιν.
264 1369 370 1430 Veneri,
388 1368 515 1418 fluctuum
534 1385 672 1433 spumeum
682 1384 722 1419 ro·
759 1369 875 1434 quamvis
885 1376 914 1420 et
931 1370 987 1433 ipse
1006 1370 1103 1419 ibidem
1123 1372 1292 1434 premiserit,

192 1457 247 1491 rem
255 1443 375 1504 calcanti,
384 1443 479 1492 adsunt
488 1444 569 1492 Nerei
579 1444 652 1507 filios,
661 1445 722 1494 cbo·
759 1446 816 1509 Ipso
824 1460 929 1508 goaram
935 1453 1113 1510 purpurantem
1130 1447 1220 1511 Atque
1230 1449 1290 1498 binc

192 1532 249 1566 rum
270 1526 403 1582 canentes,
414 1525 443 1568 et
464 1519 597 1570 Portunus
618 1521 721 1570 curulis
759 1523 844 1586 uobis,
859 1530 890 1573 ut
908 1523 1161 1588 Bucbneroquoqne
1181 1524 1217 1572 ad
1237 1525 1290 1574 Ve-

191 1593 722 1660 barbishispidus,etcnrrusbijugessub·
758 1599 885 1661 nantium,
911 1599 992 1661 magis
1011 1598 1114 1648 adridet
1134 1599 1207 1661 prius
1227 1599 1290 1648 illud

190 1681 283 1724 natant
299 1676 352 1749 ‘iii‘
377 1676 476 1726 Marius
495 1677 598 1726 Victor.
617 1677 663 1726 lib.
676 1691 721 1726 ιιι.
755 1689 884 1735 gemiscas.
906 1676 975 1724 Num
985 1681 1012 1723 et
1022 1675 1098 1723 Luur.
1110 1675 1192 1724 babet
1202 1675 1249 1724 lib.
1258 1688 1291 1723 rr.

153 1779 158 1790 ·
191 1750 322 1799 ‘Icarium
332 1752 417 1801 Notus
428 1758 458 1801 ut
467 1752 601 1802 confidens
611 1752 720 1802 stamine
758 1748 868 1797 ‘herbas
898 1755 1057 1811 gemmantes
1086 1764 1145 1798 rore
1172 1749 1293 1799 recenti'

191 1830 289 1886 tranat,
312 1827 414 1876 caeruta
435 1833 569 1876 verrentes
591 1828 629 1878 sic
650 1827 721 1878 freta
758 1823 827 1872 Item
844 1824 890 1872 iib-
914 1837 942 1872 v·
966 1826 1143 1887 ‘gemmantes
1165 1839 1225 1875 rote
1241 1841 1291 1889 pcr

191 1901 339 1951 Nereides)
572 1944 574 1949 .
757 1898 869 1949 herbas!
900 1901 936 1948 Et
952 1899 1080 1950 Prudent.
1090 1901 1291 1965 Hamartlg.vs.

223 1983 255 2028 12
274 1980 416 2043 Graiam,
430 1982 471 2044 qai
480 1997 604 2046 „nmquam
614 1982 704 2031 amavit
712 1998 722 2039 ,-
757 1979 815 2024 239.
830 1975 1007 2038 ‘gemmantia
1018 1976 1133 2038 germina
1143 1977 1161 2026 ε’
1178 1992 1290 2027 necnon

189 2055 382 2118 mmsis,
398 2071 450 2106 cm
466 2059 540 2121 amet]
568 2059 641 2108 Nihil
660 2058 720 2108 hinc
758 2050 1113 2101 Dracont.riexst÷m.1ocus
1130 2053 1291 2104 describitur

189 2130 355 2194 deperditum
366 2130 456 2192 fuisse,
473 2134 578 2182 tametsi
589 2133 623 2182 de
634 2134 721 2183 subito
759 2142 797 2177 vs.
819 2132 860 2177 bd·
892 2128 1033 2177 ‘Floribus
1059 2129 1197 2177 ambrosiis
1221 2145 1292 2193 gem·

189 2205 353 2255 intercalaris
365 2206 414 2256 iste
425 2215 550 2270 recurrat,
558 2209 675 2272 jamtum
687 2208 720 2257 ad
758 2208 828 2251 mato
838 2202 938 2252 vertice
946 2203 1052 2267 pictus!
1068 2206 1218 2255 Vomauuus
1228 2222 1291 2270 quo·

189 2296 229 2330 us.
241 2287 264 2330 1.
275 2289 303 2331 et
314 2286 338 2330 8.
356 2282 547 2346 praescientem
567 2285 632 2333 satis
650 2285 721 2334 evic-
757 2293 808 2342 que
818 2279 945 2329 Scholast.
956 2279 1040 2329 Poeta
1052 2280 1078 2328 in
1090 2282 1221 2331 catalect.
1232 2284 1291 2332 Vir·

190 2362 254 2407 tam.
288 2358 356 2406 Nam
364 2359 581 2422 quemadmodum
599 2361 625 2408 in
637 2360 721 2422 prima
759 2354 808 2416 gli:
826 2369 885 2403 curn
905 2361 1018 2418 quatuor
1036 2357 1096 2404 anni
1116 2364 1289 2420 tempestates

189 2429 298 2494 stropha
308 2431 476 2496 (itanamque
493 2433 598 2495 proprie
609 2434 636 2482 iu
647 2433 721 2483 fabu-
757 2429 880 2491 variaret,
895 2430 968 2478 ‘Ver
978 2430 1063 2494 pingit
1074 2432 1149 2481 vario
1160 2447 1290 2493 gemman-

189 2507 222 2555 lis
233 2520 321 2555 versus
336 2521 390 2568 eos,
402 2521 466 2571 quos
478 2507 578 2557 Chorus
593 2508 627 2558 ad
638 2523 720 2571 popu·
757 2505 795 2553 tin
806 2512 882 2568 prata
893 2505 999 2555 colore!
1034 2508 1067 2559 Et
1079 2507 1190 2569 ipsemet
1198 2507 1291 2558 Archi·

188 2583 241 2630 lum
262 2587 477 2645 spectatoresque
503 2596 643 2632 conversus
662 2597 720 2645 pro·
757 2581 836 2644 poe'ta
848 2582 874 2629 in
886 2582 975 2631 Colice
986 2587 1070 2632 ustio.
1092 2584 1216 2632 ‘Florida
1228 2599 1289 2634 cum

189 2655 340 2717 nunciabat,
377 2663 455 2718 atque
482 2656 508 2703 iu
535 2657 618 2705 altera
644 2667 720 2720 parte
758 2657 834 2705 tellus
852 2665 1012 2717 gemmantes
1037 2659 1109 2721 picta
1127 2674 1176 2724 per
1195 2661 1289 2709 herbas

190 2730 285 2779 theatri
297 2730 465 2791 decantabat,
484 2730 628 2794 adpellatos
639 2732 720 2782 fnisse
758 2734 828 2780 Vere
843 2738 919 2782 notat
934 2732 1003 2782 dulci
1023 2734 1145 2784 distincta
1156 2736 1288 2784 coloribus

189 2807 385 2856 Commentator
396 2805 528 2870 Aristoph.
548 2808 656 2858 Nebulis
672 2826 719 2860 uos
757 2806 838 2856 arva‘
861 2807 915 2856 Ubi
926 2807 1019 2870 inspici
1032 2809 1131 2870 poterit
1141 2811 1289 2859 Tanbmau·

190 2881 291 2944 docuit)
299 2882 379 2930 totius
391 2882 484 2931 Mundi
496 2890 524 2932 et
532 2885 719 2949 omniumque
756 2898 917 2932 nus-versum
936 2883 1007 2934 huuc
1028 2885 1164 2948 Pervigilii
1184 2891 1221 2935 ta.
1235 2887 1289 2936 lars·

189 2960 216 3008 in
229 2959 279 3007 isto
298 2958 426 3007 Universo
437 2960 629 3021 contineantur,
645 2969 718 3010 ortus
757 2959 822 3008 daus
833 2965 861 3009 et
872 2972 904 3007 ex
916 2958 1035 3022 allegatis
1058 2959 1135 3008 Lucr.
1152 2962 1288 3010 versiculis

188 3034 373 3083 universaliter
384 3047 487 3098 quoque
498 3048 545 3082 nos
562 3034 595 3082 ad
606 3050 718 3084 amorem
754 3035 846 3083 barbas
852 3047 911 3082 rore
917 3041 1077 3096 gemmantes
1083 3036 1291 3099 explioausillas‚

186 3116 216 3159 et
226 3110 352 3160 Venerem
373 3110 475 3172 copulae
493 3109 718 3172 complicationem
755 3124 819 3176 quas
838 3108 1058 3174 (utPervigilium
1069 3111 1195 3174 loquitur)
1212 3113 1288 3160 ‘Hu-

187 3186 342 3234 iuvitasset:
366 3185 393 3233 in
415 3185 534 3248 sequenti
556 3200 618 3235 vero
634 3187 719 3249 ipsam
754 3186 879 3249 morille,
897 3199 972 3250 quem
992 3187 1089 3236 serenis
1110 3194 1180 3236 astra
1197 3197 1288 3238 rorant

188 3261 503 3326 quoqnepulcherrimnm
515 3260 719 3325 Anadyonseneu
754 3259 894 3322 noctibus,'
920 3260 1074 3323 quibusdam
1100 3263 1182 3312 veluti
1205 3264 1288 3313 oculis

187 3336 255 3385 haud
273 3338 360 3396 aliter,
370 3351 446 3400 quam
457 3351 472 3384 e
483 3337 557 3387 Jovis
569 3339 718 3403 Diuuesque
754 3344 801 3386 eut
820 3335 927 3400 gemmis
943 3336 1065 3386 illustrat.
1099 3338 1188 3386 Venus
1206 3339 1288 3402 igitur

155 3428 159 3434 ·
187 3425 328 3474 congressu
341 3417 428 3459 natam
438 3412 604 3475 ostendisset,
614 3420 642 3462 et
654 3414 716 3463 satis
752 3427 875 3474 gemsooas
885 3411 972 3461 itabic
980 3412 1091 3462 sumitur
1102 3427 1151 3475 pro
1162 3428 1203 3475 eo,
1216 3417 1286 3480 quod

184 3487 242 3549 jam
254 3487 333 3547 dere,
350 3487 404 3548 tegi
424 3487 521 3551 potius,
537 3501 613 3551 quarn
626 3502 719 3551 propa·
754 3488 812 3537 est‘
826 3485 965 3547 renidens,’
977 3487 1019 3535 vet
1029 3501 1187 3550 gemmarum
1197 3491 1285 3540 inmo·

186 3562 236 3610 lari
256 3571 410 3626 expetente,
437 3562 463 3611 lu
484 3563 621 3626 virginum,
639 3564 720 3615 verba
755 3563 817 3611 dum
837 3562 1015 3626 resplendens,
1036 3569 1067 3612 ut
1083 3563 1153 3627 apud
1165 3566 1284 3615 eumdem

187 3637 486 3702 nuptaabhorrentium,
506 3639 646 3700 prasentia
663 3639 719 3688 dix·
755 3640 879 3689 Dracont.
899 3653 938 3686 vs.
955 3642 1013 3689 ιιι).
1029 3639 1121 3689 ‘Orbe
1132 3641 1230 3691 uricaut
1242 3658 1285 3705 ge·

187 3715 259 3776 isset,
269 3714 358 3764 statim
368 3714 484 3778 abrupit,
500 3729 533 3763 ne
543 3713 569 3763 in
581 3714 666 3765 limine
678 3714 718 3764 oi·
754 3715 823 3764 mino
834 3715 991 3778 gemmantia
1000 3716 1098 3765 lumina
1109 3717 1163 3767 visu
1174 3717 1192 3767 τ’
1207 3728 1236 3769 et
1245 3722 1284 3770 sio

187 3790 317 3851 funderet,
337 3793 457 3854 exemplo
477 3793 565 3854 potius
586 3792 717 3858 ipsiusque
754 3791 855 3840 Colum.
876 3792 923 3841 lib.
939 3805 968 3842 x.
984 3792 1059 3842 ‘Jarn
1078 3795 1201 3860 Pbrygiae
1223 3801 1285 3850 Loti

186 3869 297 3918 Veneris
306 3868 392 3930 factis,
403 3883 478 3934 quam
488 3870 591 3919 sordida
602 3871 717 3920 navitate
753 3867 910 3931 gemmantia
917 3867 1013 3917 lumina
1020 3871 1163 3932 proruunt?
1171 3873 1221 3922 nisi
1226 3875 1284 3940 quis

187 3945 243 4008 ejus
255 3947 355 4008 puellas
366 3953 538 4008 permoturns.
753 3943 838 3992 active
851 3943 969 4005 accipere
978 3943 1190 4011 velit,gemmuus,
1198 3949 1223 3998 id
1233 3958 1285 4013 est,

220 4024 250 4068 ls
268 4021 324 4083 Ipso
333 4033 456 4082 gemmans
474 4014 644 4083 purpurantem
661 4020 715 4082 pia·
752 4032 865 4082 gemmas
877 4018 1032 4081 protrudens
1047 4027 1075 4069 et
1094 4022 1192 4082 oculos,
1204 4035 1284 4086 prout

134 4102 138 4108 '
184 4097 320 4156 pilonium
331 4096 446 4159 floribus]
476 4099 547 4158 Lego
564 4111 621 4144 curu
644 4095 714 4145 Pitlr.
752 4094 837 4142 Nicol.
847 4094 971 4142 Perottus
982 4095 1097 4157 explicat
1108 4097 1172 4146 illud
1182 4100 1283 4152 Colum.

185 4171 239 4220 Sed
249 4186 306 4220 curn
318 4178 392 4221 vetus
401 4171 485 4221 Poe'ta
497 4172 522 4220 in
530 4171 646 4223 laudibus
656 4171 713 4222 bor·
752 4184 811 4219 curn
828 4171 938 4233 primum
957 4183 1087 4234 gemmare
1102 4174 1170 4224 vites
1190 4176 1282 4241 iucipi-
