2752 4694
414 372 453 418 m
479 373 641 421 curuum
668 373 823 421 ernusti
849 374 902 421 xr.
935 383 941 394 ·
1141 360 1205 427 tua

106 530 199 573 γενειαν
213 512 299 560 moros
310 508 398 573 βροτοὶ,
412 512 511 560 Μᾶλλον
522 509 547 560 δὲ
559 512 638 570 κηδεύ-
678 512 781 576 quidam
803 511 873 574 apud
895 512 1019 576 Gellium,
1040 519 1069 562 ut
1090 513 1207 581 illepide,

107 605 159 637 ουσι
168 591 218 637 τοῖς
229 588 354 646 εὐδαίμοσι.
677 588 856 638 calumniatur.

140 669 172 713 20
189 664 243 712 Nou
253 663 354 725 possem]
372 664 411 710 Ex
429 663 550 726 pecunie,
561 678 637 727 quarn
708 666 740 711 ³2
758 663 837 718 Quom
853 663 912 711 midi
934 666 1051 728 purorim]
1081 667 1165 719 Quam
1184 670 1206 719 st

106 741 133 788 iu
146 739 280 802 provincia
290 737 459 800 collegissem.
676 738 732 801 ipse
743 753 802 787 mea
813 752 858 788 eos
871 741 980 802 pecunia
992 742 1106 792 emerim.

138 812 244 876 Parere]
262 813 365 862 Emere.
380 812 435 861 Cic.
451 813 484 862 ad
500 813 555 862 Ass
569 816 576 843 ⁸
588 814 636 864 Co·
841 809 849 820 ⁶

104 889 158 952 gito
181 897 254 938 trans
276 888 393 936 Tiberim
423 888 512 937 bortos
537 889 635 953 sliquos
830 863 982 940 CARMEN
1001 867 1050 916 ΧῘ·

104 963 215 1028 perere!
250 963 337 1026 Atque
358 962 417 1010 inde
441 963 635 1027 intelligendum
707 962 842 1024 lFurs',et
860 962 956 1024 Aureli]
982 963 1034 1011 Per
1055 965 1158 1014 Furium
1177 974 1206 1017 et

103 1045 146 1088 est
164 1038 229 1087 illud
247 1037 374 1097 Terentii,
394 1037 523 1086 nonsatis
542 1051 635 1101 aquo·
673 1036 816 1100 Aurelium,
843 1037 916 1101 quasi
943 1039 1065 1088 nuncium
1093 1040 1206 1091 remittit

103 1131 179 1180 quam
202 1114 295 1177 adbuc,
322 1114 390 1179 quod
415 1115 502 1178 sciam,
522 1114 636 1164 auimad·
673 1112 785 1161 Lesbiae.

103 1206 215 1252 versum,
231 1189 327 1238 ‘Vsbi
344 1203 489 1252 quenquam
508 1202 540 1238 ue
555 1189 635 1238 bomi-
706 1187 808 1236 Comdes
820 1186 920 1248 Catulis]
939 1187 1072 1249 Significat
1082 1205 1110 1240 se
1122 1191 1155 1240 ab
1166 1191 1205 1242 eis

103 1280 161 1315 nem
185 1280 259 1329 posse
278 1266 304 1313 in
323 1265 408 1313 auimo
424 1264 570 1325 instituere,
590 1269 635 1312 aut
672 1261 748 1310 valde
760 1261 855 1310 amari:
873 1268 914 1310 est
929 1263 998 1310 euius
1014 1266 1100 1328 nragni
1112 1268 1204 1316 amoris

103 1343 212 1402 Parare,
228 1339 297 1404 quod
315 1341 350 1388 sit
371 1341 464 1402 carlus,
483 1353 560 1403 quam
578 1338 634 1401 ipse
671 1334 805 1397 indicium,
816 1335 948 1384 veliacum
959 1337 1044 1401 aliquo
1056 1340 1160 1402 longum
1172 1356 1203 1392 se

101 1424 143 1465 est
156 1415 234 1465 sibii'
254 1415 284 1464 Iu
297 1415 436 1477 adoptione
448 1414 527 1475 euim,
538 1413 634 1479 deque
671 1410 842 1472 periculosum
863 1410 924 1472 iter,
938 1410 1018 1475 ipsius
1036 1415 1135 1476 carossa,
1150 1431 1204 1465 sue

102 1491 138 1540 ibi
155 1505 239 1540 sermo
255 1497 304 1551 est,
324 1505 404 1552 genus
421 1489 548 1555 quoddam
561 1503 632 1552 emp·
671 1487 768 1549 cipere.
785 1486 828 1535 Sic
847 1485 940 1537 Horat.
965 1487 1103 1552 ‘Septimi,
1115 1491 1203 1541 Gades

102 1565 178 1613 tionis
196 1563 384 1615 intercedebat.
417 1563 482 1611 Inde
505 1574 541 1626 et,
559 1576 633 1626 repa·
670 1562 772 1612 aditure
783 1577 892 1624 mecum,
906 1571 935 1612 et
948 1564 1106 1615 Cantabrum
1118 1569 1204 1618 indoc-

102 1654 176 1688 rare:
202 1639 270 1703 quod
291 1646 341 1701 est,
360 1638 468 1687 nummis
489 1653 521 1686 ex
544 1635 633 1686 vendi·
671 1645 726 1687 tum
740 1638 808 1700 juga
830 1637 898 1687 ferre
914 1646 1010 1702 nostra,
1030 1647 1057 1689 et
1074 1642 1203 1692 Barbsrss

101 1717 170 1765 tione
189 1713 306 1764 conflatis
326 1713 424 1777 aliquid
437 1702 517 1762 'eliud
536 1725 631 1762 emere.
670 1714 771 1777 Syrtes,
791 1713 835 1763 ubi
856 1713 951 1762 Maura
976 1729 1078 1777 temper
1100 1717 1203 1767 AEstuet

100 1789 194 1839 Horat.
210 1790 299 1838 ‘Vina
315 1790 380 1851 Syra
395 1795 517 1852 reparata
528 1786 632 1838 merce!
670 1788 755 1839 uude?
788 1789 853 1837 Cum
873 1789 962 1837 borum
984 1797 1070 1838 tamen
1091 1797 1201 1856 utroque

67 1863 72 1872 “
100 1880 150 1928 qno
162 1865 238 1915 modo
250 1866 297 1914 boc
316 1864 424 1913 verbum
440 1878 512 1925 saepe
524 1878 539 1911 a
551 1863 630 1927 juris·
670 1877 762 1926 graves
774 1870 866 1925 postea
883 1863 1031 1913 iuimicitias
1047 1865 1137 1926 gessit,
1147 1880 1202 1914 eos·

99 1940 222 1989 consultis
243 1939 336 2002 accipi,
360 1939 457 2002 primus
480 1938 568 1988 docuit
586 1940 629 1989 Fr.
670 1956 720 2005 que
740 1940 911 1990 acerbissimis
930 1941 1044 1989 versibus
1059 1941 1202 1990 insectatus

99 2015 236 2063 Durarenus
249 2013 385 2071 Aunivers.
397 2013 442 2062 lib.
452 2026 472 2062 ι.
669 2024 719 2079 est,
737 2023 791 2066 tuus
808 2016 876 2081 quod
893 2017 977 2079 ipsum
997 2017 1099 2064 mollem
1116 2024 1202 2065 notas-

129 2093 160 2138 24
180 2088 346 2150 Cisseds'orem]
363 2089 520 2151 Molliorem,
538 2095 566 2137 et
583 2087 629 2137 im·
668 2099 744 2142 sent:
763 2100 817 2142 tum
837 2091 905 2156 quod
921 2106 1027 2154 puerum
1045 2092 1095 2154 ipsi
1114 2106 1202 2140 carum

95 2164 253 2226 probiorem.
669 2167 791 2218 Aurelius
814 2168 917 2231 quidem
947 2173 1083 2228 tentasset,
1110 2167 1202 2216 Furius

128 2244 162 2288 26
183 2237 296 2301 Serapio]
323 2239 375 2289 llic
397 2238 531 2302 lEgyptius
554 2241 628 2290 Deus
669 2244 1033 2303 veroetiamcoustuprasset.

94 2315 176 2364 etiam
191 2314 282 2363 Romae
300 2314 425 2375 templum
441 2313 565 2364 babebat.
597 2315 628 2364 ln
701 2320 764 2366 21η
775 2321 891 2366 extremos
909 2315 992 2377 ludos]
1016 2315 1048 2363 In
1069 2322 1200 2365 extremas

94 2388 249 2452 quibusdam
261 2395 311 2450 est,
321 2390 361 2437 Ad
371 2387 486 2450 Seropis,·
499 2389 567 2452 quod
577 2404 627 2440 nou
668 2395 751 2444 lodie
763 2407 830 2442 oras.
847 2393 888 2440 Sic
900 2398 928 2441 et
939 2391 1007 2454 apud
1019 2392 1112 2441 Horat.
1130 2392 1200 2442 ‘Im-

93 2465 233 2528 displicet:
252 2465 289 2513 itu
301 2463 512 2525 euimdicebaut,
529 2465 562 2514 ad
579 2466 627 2514 Ce-
668 2471 741 2533 piger
763 2474 892 2519 extremos
913 2467 994 2516 curris
1016 2475 1145 2518 mercator
1166 2468 1200 2517 ad

93 2540 169 2601 reris,
200 2539 233 2589 ud
255 2539 360 2601 Dianae,
383 2546 412 2588 et
432 2539 539 2601 similia,
569 2555 627 2590 cum
667 2543 765 2593 Indos?

93 2614 327 2676 subintelligerent,
340 2613 474 2675 templum.
699 2620 848 2668 abittasut
864 2618 942 2680 louge]
968 2614 1011 2664 lta
1027 2623 1068 2665 ost
1084 2617 1110 2664 iu
1126 2615 1204 2666 libris·
1261 2671 1263 2676 ,

127 2693 158 2757 2]
178 2690 250 2737 Mune
266 2689 345 2751 morse]
374 2687 451 2737 Prius
475 2687 626 2739 adverbium
666 2694 779 2756 Aldinis,
796 2693 897 2754 melius,
915 2698 989 2755 puto,
1008 2692 1201 2754 quamiualiis,

93 2769 142 2823 est,
168 2763 296 2825 posterius
321 2761 436 2812 verbum.
470 2764 518 2812 Est
539 2771 627 2814 sutem
664 2770 747 2830 Longe
757 2768 797 2817 udi
808 2770 890 2816 littus:
909 2781 967 2815 nam
986 2766 1114 2828 particula
1125 2771 1160 2826 ut,
1172 2767 1198 2815 in

95 2835 510 2900 udniodiimjiicundiiriiaixuem·
666 2847 861 2909 Epigrammata
879 2858 982 2908 quoque
1001 2843 1034 2892 ad
1056 2844 1199 2906 Coloniam,

127 2915 159 2959 28
183 2912 258 2973 istud,
279 2914 339 2975 qaod
361 2914 427 2962 modo
445 2912 566 2975 dixeram]
594 2912 626 2961 ld
665 2921 755 2969 eodem
767 2919 973 2968 modoususest.

93 2990 145 3045 est,
156 2991 279 3048 quantum
295 2984 390 3034 attinet
408 2985 440 3034 ud
459 2985 538 3048 istud,
557 2987 625 3051 quod
698 2994 923 3057 Longeresonente]
941 2994 1122 3055 noaopaotoep.

90 3060 301 3110 mododixeram.
697 3077 713 3120 u
738 3069 940 3131 Sagittiferosqae
961 3068 1076 3128 Portitor]
1111 3068 1198 3117 Auno·

89 3168 93 3172 -
125 3140 158 3184 2⁹
175 3136 251 3197 Filii
261 3134 380 3196 memb]
398 3134 464 3184 ΗΜ
475 3135 574 3184 100ΰῖῑο
586 3140 627 3184 “i
665 3144 759 3195 taodus
777 3151 819 3192 est
836 3144 951 3192 Clroreus
966 3144 991 3191 iu
1007 3143 1120 3195 secunda
1136 3143 1198 3193 sede

92 3209 160 3272 ejus,
180 3211 224 3275 qul
245 3210 314 3259 aliud
337 3211 416 3272 dixit,
441 3209 510 3258 ulisrsl
538 3209 626 3258 dicere
664 3219 799 3283 Sapphici,
816 3225 845 3268 ut
861 3225 889 3268 et
908 3219 982 3282 paulo
1003 3226 1070 3283 post,
1089 3221 1197 3269 ‘Pauca

93 3287 182 3335 ioliiii·
225 3287 335 3335 Plautus
364 3284 495 3347 Amphitr.
529 3286 625 3334 ‘Milli-
664 3294 787 3344 nunciate
815 3309 880 3344 meae
914 3294 1037 3358 puellaes'
1071 3302 1098 3344 et
1128 3295 1198 3356 alibi,

94 3361 289 3427 Amphitruonis
307 3370 334 3411 te
346 3376 403 3411 οοοο
416 3361 502 3411 aiebas
515 3361 625 3413 Smism·
665 3371 779 3421 ‘Oclum
802 3371 905 3420 citime
923 3371 971 3421 sibi
985 3371 1121 3420 molestum
1138 3371 1198 3420 esre

92 3443 152 3493 Sos.
168 3441 352 3491 Peccs‘veram.
375 3440 443 3489 Nam
460 3439 625 3504 Amphitruo·
664 3447 689 3498 id
700 3462 733 3496 ex
748 3446 931 3510 posterioribus
942 3448 1019 3508 solus,
1030 3447 1098 3510 quod
1110 3447 1198 3506 sciam,

93 3518 134 3568 uis
145 3518 242 3567 socium
259 3531 300 3567 uae
316 3530 358 3565 me
375 3515 443 3564 volui
463 3530 518 3565 esse
530 3516 625 3567 dicere.
664 3523 759 3573 imitari
795 3537 870 3572 ausus
902 3530 943 3572 est
973 3524 1074 3573 divinus
1107 3523 1196 3585 poeta,

91 3594 168 3644 Man.
189 3592 292 3642 Scibam
311 3589 431 3656 equidem
450 3591 547 3640 nullom
570 3605 625 3641 οοοο
663 3598 777 3648 Micbsel
804 3596 938 3648 Marullus.
972 3599 1076 3661 Sappho
1099 3606 1196 3656 erstem,

92 3669 175 3730 uobis,
187 3668 237 3716 uisi
248 3682 298 3730 me,
309 3680 410 3716 servom
419 3666 529 3716 Sosiam.
546 3666 625 3730 Fugit
663 3690 720 3739 quae
733 3688 824 3723 nomeu
842 3673 900 3722 huic
918 3674 1008 3736 generi
1019 3688 1139 3722 versuum
1152 3672 1195 3721 de·

92 3753 119 3795 se
142 3745 217 3794 roilo.
253 3746 310 3792 sos.
330 3742 436 3792 Utinam
456 3741 523 3791 istuc
545 3742 624 3807 pugni
663 3750 711 3812 dit,
723 3763 793 3814 saepe
802 3748 940 3798 admodum
953 3748 978 3796 id
988 3748 1097 3797 feceras.

91 3819 215 3870 fecissent
227 3817 284 3868 iiii?
695 3831 711 3875 7
729 3823 941 3889 Septemgemious]
954 3824 1006 3876 Qui
1015 3830 1114 3885 septem
1124 3819 1196 3943 ostgs

124 3899 156 3944 80
175 3893 264 3956 Cleua]
279 3893 308 3943 ls
319 3898 368 3956 est,
380 3892 423 3956 qui
434 3892 578 3957 Smyrnam,
590 3892 623 3942 de
663 3901 718 3951 exit
737 3901 763 3948 in
783 3914 862 3949 mars.
887 3899 980 3962 virgil.
1008 3900 1064 3946 ‘Et
1083 3902 1157 3957 septe

92 3970 336 4036 qnainfraagetur,
349 3982 440 4017 novem
453 3969 624 4018 anuiselebo·
663 3975 758 4043 gemini
781 3973 888 4023 turbant
911 3971 1013 4035 trepide
1035 3968 1101 4018 ostia
1124 3968 1196 4019 Nili?
1265 3975 1269 3983 ⁴

92 4046 169 4095 filit·
198 4045 360 4109 eundemqiffi
382 4051 445 4107 P⁸¹i⁰
467 4057 531 4106 ΕΜ,
552 4044 624 4107 cujus
662 4052 705 4104 Sic
717 4047 1058 4110 idem‘ceutumgemiuum
1070 4047 1195 4098 Briarea'

91 4119 554 4185 EpigrammatacitantursNou103
567 4135 623 4185 ‘1¹¹2
663 4144 678 4179 a
695 4135 799 4180 centum
820 4124 945 4184 munibus,
961 4129 988 4172 et
1003 4125 1010 4151 ‘
1025 4124 1194 4186 tergeminum
