2752 4694
181 335 247 401 624
431 349 561 397 suurn.
586 346 712 395 scauri
737 344 1042 395 consenciamus

181 489 512 555 disinlstsswsidelioet,
528 504 604 555 qaum
623 487 715 538 dicunt
751 491 811 538 ros.’
839 487 991 552 legendum
1012 485 1089 548 forte,
1116 485 1284 534 ‘Excessere

185 567 284 618 uraect.
752 568 840 613 toros?
872 563 948 616 Quod
960 570 1046 612 antem
1063 559 1200 611 ‘brachia’
1217 559 1285 610 diclt

215 641 285 691 sm
295 642 379 690 cedual
390 641 463 689 cenis
472 641 552 690 sidem
560 639 714 703 temporibus]
751 638 822 688 lllarn
853 638 1053 700 ‘protendisse,'
1082 637 1284 700 supplicantium

184 717 297 768 Obeuut.
324 715 419 766 libuli.
439 716 464 764 in
483 715 592 764 candem
612 719 715 763 senten·
751 713 883 776 expressit
894 720 1004 777 gestum.
1023 714 1066 762 Sic
1078 713 1230 762 Ovidblct.
1239 725 1284 762 ιιι.

183 795 246 844 tiam
269 792 373 842 videtur
394 793 501 854 dixisse,
528 788 637 840 ‘Annus
660 790 716 852 agit
751 787 921 838 ‘Nochabet
937 788 1287 854 lnfelix‚qnaetendatbra-

183 877 256 921 certa
267 870 355 920 lucida
366 871 440 934 signa
451 870 525 919 sice.³
752 864 817 925 obis,
833 864 934 913 matris·
957 870 985 913 et
1000 864 1085 913 Tibul.
1103 864 1149 913 lib.
1160 877 1204 912 ιιι.
1228 865 1286 912 ‘'l'u

216 952 234 997 o
259 947 327 1010 apro
347 947 442 995 deosum
460 944 538 1006 sirio]
570 944 614 993 Sic
635 941 715 992 etiam
752 939 1285 1003 modocummnltabruclrlstcndcprece!

183 1023 365 1088 ‘gyrum’pro
375 1021 474 1072 coelcsti
486 1021 531 1070 illu
539 1019 624 1070 orbita
633 1019 716 1068 circu·
753 1014 851 1065 liudem
871 1014 947 1064 modo
965 1015 1059 1079 virgil.
1082 1015 1208 1064 ‘l’almas
1227 1021 1286 1064 ten·

183 1102 267 1150 larum
290 1098 413 1162 orbisque
436 1109 606 1160 supemornm
631 1093 717 1157 posuit
751 1090 833 1141 dere?
844 1091 947 1141 Callim.
957 1089 1285 1154 HymuoinDeloueodem

184 1175 280 1224 Horat.
293 1187 326 1223 ιι.
335 1172 445 1223 Scrm‘
454 1187 500 1222 scu
514 1171 606 1221 bruma
625 1170 715 1219 uitalis
751 1169 831 1218 modo
832 1183 900 1233 ‚quo
912 1169 1038 1233 Catullus,
1053 1167 1234 1232 ἡνικαιήχαι*
1234 1175 1285 1231 Αμ·

185 1250 318 1300 interiore
335 1247 588 1312 dlemgyrotrabit'
613 1246 647 1295 In
665 1259 717 1294 ms·
752 1241 863 1308 §orimus
873 1241 996 1308 ipbyovus.

185 1323 424 1388 umcriptistumen
440 1329 510 1386 erat,
525 1324 647 1386 eiusdem,
665 1335 716 1370 non
785 1319 958 1383 Pollicitaest]
974 1319 1064 1370 Vovit.
1081 1319 1239 1381 Lcuisrero,
1251 1320 1285 1370 ad

183 1399 333 1464 gyro,quod
345 1413 433 1448 errore
444 1399 605 1448 librariorum
617 1395 717 1447 sactum
753 1397 804 1446 sim
817 1397 878 1446 boni
896 1397 1019 1461 pertinet.
1040 1397 1083 1446 Sic
1101 1396 1197 1446 Tibull.
1216 1397 1286 1446 ‘Cui

185 1482 237 1537 eat,
248 1490 306 1524 curn
318 1474 379 1538 quid
396 1475 470 1523 verbi
488 1488 564 1538 gyras
580 1479 651 1522 essct
665 1485 717 1520 nou
753 1473 823 1522 levia
841 1471 944 1535 fulgent
961 1471 1044 1522 Orar'
1066 1479 1093 1522 cl
1110 1472 1285 1536 Polyphemus

185 1550 378 1613 intellegerent,
390 1556 427 1612 ct,
437 1551 475 1611 alc,
486 1549 628 1614 principem
642 1548 716 1612 sylla·
755 1548 825 1612 apud
837 1547 916 1597 ovid.
927 1548 960 1598 de
977 1548 1098 1610 Galatea,
1116 1548 1231 1598 ‘Levior
1243 1549 1288 1596 ad·

186 1627 246 1676 batn
257 1625 330 1676 serbi
341 1628 447 1688 deusocl,
458 1626 631 1690 geminarent.
753 1625 828 1675 slduo
839 1625 942 1676 detritis
951 1639 1055 1689 aeqrtore
1065 1623 1188 1674 conchis!

219 1706 234 1752 7
253 1703 320 1752 Idem
328 1704 416 1753 msillc
428 1703 508 1753 Coros
522 1703 609 1752 coelsdi
625 1702 719 1752 artmisc
788 1705 817 1751 ll
833 1702 887 1757 Quo
897 1716 941 1750 rex
949 1698 1096 1764 tempestate]
1113 1698 1239 1762 Hoclpsn
1250 1697 1285 1747 da

185 1777 259 1841 sidit]
282 1780 327 1827 Sic
338 1780 417 1829 etiarn
428 1786 487 1828 crat
498 1779 527 1827 ln
536 1778 718 1840 manuscriptis
755 1790 849 1840 genere
862 1777 917 1840 jum
935 1777 1035 1825 dictum
1051 1779 1121 1824 ante.
1139 1772 1286 1837 quostiam

186 1853 228 1915 lis,
237 1867 302 1917 quos
312 1853 452 1914 babebam3
470 1855 496 1903 ln
507 1855 627 1904 Marcelli
638 1855 718 1903 Pont.
755 1868 816 1903 usus
827 1852 1052 1916 Propertium.
1064 1851 1139 1913 dixit,
1154 1849 1288 1913 ‘Ampbys

187 1929 297 1978 luximi
308 1929 374 1979 libro
390 1928 477 1979 fuerat
492 1945 601 1981 nauem:
619 1945 670 1994 ego
681 1931 718 1979 lc·
755 1927 906 1992 trionyadcs
917 1943 967 1992 qua
978 1932 1135 1991 tempestate
1143 1922 1288 1988 juvencos:

187 2003 301 2064 gendum
321 2005 480 2066 auspicabor,
500 2006 606 2056 nomiae:
625 2019 719 2054 nomen
754 2009 804 2055 &c
1283 2014 1290 2021 ”

187 2081 275 2126 autem
286 2073 365 2124 estid
376 2074 444 2138 quod
456 2075 583 2139 sequitur,
599 2075 624 2124 Ε
643 2075 720 2124 Bere·
791 2082 866 2126 Noor's
881 2081 965 2127 orclas
981 2078 1133 2141 Hymenaeis]
1152 2078 1288 2126 Iunianu-

187 2149 526 2210 censuissemus
539 2157 588 2214 est,
599 2148 720 2214 &wilm
757 2151 860 2216 scriptis
881 2152 1008 2213 omuibus,
1026 2167 1085 2202 nouo
1106 2157 1189 2201 motas
1206 2152 1288 2215 bysac-

187 2226 319 2289 πλᾶιιμον.
345 2226 388 2276 Sic
409 2226 508 2290 Vergil.
529 2228 647 2277 ‘Navita
665 2233 719 2276 tum
756 2244 822 2286 aaut
838 2229 906 2293 quod
925 2230 1086 2280 retinendum
1105 2243 1215 2279 censeo:
1235 2245 1289 2294 qno

188 2305 271 2354 stellis
282 2317 403 2352 numeros
421 2309 449 2352 et
460 2304 561 2353 nomina
572 2301 659 2352 lecitt’
675 2306 721 2351 aut
756 2305 790 2354 de
805 2319 899 2368 genere
913 2303 1076 2368 jamdictum
1089 2312 1182 2354 antea:
1200 2318 1288 2369 neque

188 2380 212 2427 si
224 2379 256 2427 ad
268 2377 402 2427 Cononem
413 2376 564 2440 referimus,
581 2378 720 2442 legendum
756 2380 857 2444 Vergil.
869 2381 947 2444 elisit,
961 2381 1015 2430 ‘Et
1025 2380 1137 2430 femineo
1148 2380 1266 2430 ululatu?

189 2452 522 2512 forterit,lsmiae:oolesti
531 2453 721 2515 larcianidesl,
790 2460 821 2505 la
844 2457 969 2506 Vastolum
982 2457 1047 2521 fiaes
1066 2456 1143 2504 ioernt
1163 2455 1288 2518 Assyrios]

189 2529 278 2577 divina
286 2527 395 2591 quadam
402 2529 534 2578 oculorum
544 2530 606 2580 acic.
624 2531 721 2579 Versus
758 2532 788 2581 ln
800 2532 992 2595 manuscriptis,
1004 2533 1098 2580 Voslam
1105 2530 1166 2594 fiais
1176 2530 1248 2591 ierat,
1260 2536 1289 2579 et

189 2602 351 2662 Callimachi,
366 2617 430 2666 quos
446 2603 564 2652 Catullus
581 2606 721 2668 expressit,
756 2607 842 2657 ioeml.
870 2606 1090 2656 Vostcirrmautem
1107 2605 1209 2652 omniuo
1227 2617 1289 2653 essa

190 2678 296 2727 alitero
306 2675 411 2724 'lbeoue
423 2677 497 2726 Arati
513 2678 663 2740 Interprete
678 2680 721 2728 ad-
757 2681 852 2731 dcbet:
869 2681 933 2746 sisio
949 2691 1044 2738 autem,
1056 2680 1139 2729 reteri
1150 2686 1289 2729 cousuetu-

190 2751 330 2811 ducuutnr,
339 2751 414 2801 ambo
426 2759 455 2800 ut
466 2753 519 2802 sint
533 2753 638 2816 heroici,
652 2754 721 2819 quod
756 2755 818 2805 diue
829 2758 962 2819 scriptum.

189 2828 282 2880 soribae
290 2828 390 2878 librarii
399 2830 491 2879 vitium
499 2829 579 2880 luisse
586 2838 659 2894 puto.
669 2833 722 2882 ele·
792 2835 822 2879 14
841 2833 919 2888 Quum
932 2833 964 2880 dc
977 2831 1095 2892 uirgineis
1107 2835 1213 2890 gssscmt
1228 2841 1289 2876 cats-

190 2922 238 2971 μοι
249 2907 318 2956 cuim
330 2907 387 2955 illos
399 2907 547 2957 Callimachi
558 2905 639 2957 inisse
651 2908 722 2958 nullo
757 2907 816 2970 niis]
833 2907 943 2956 ‘Rixam
954 2907 1061 2970 gerere,’
1074 2913 1105 2955 ut
1119 2906 1232 2954 ‘bellum
1243 2920 1289 2968 gc·

191 2983 268 3034 modo
275 2981 457 3032 dubitandum:
467 2983 553 3048 itaque
559 2984 663 3046 legendi
671 2999 723 3033 ons
758 2983 828 3032 rere'
839 2982 915 3031 dixit.

191 3060 252 3106 nino
263 3065 333 3118 sunt,
343 3057 557 3122 quemadmodum
570 3060 626 3108 illos
642 3061 721 3110 etiam
791 3063 822 3106 15
843 3059 916 3105 Estne
935 3058 1001 3106 aonia
1021 3056 1103 3120 naplis
1122 3057 1175 3105 adio
1201 3056 1289 3117 Vesus,

191 3133 256 3194 legit
269 3132 430 3182 Politiunus
424 3147 450 3180 m
462 3134 646 3185 Miscellaucis.
757 3135 969 3198 cumporeatsm]
994 3134 1027 3184 In
1040 3134 1224 3197 manuscriptis
1235 3148 1291 3182 orn·

223 3207 609 3271 tleommsltisilicDearum]
627 3209 722 3259 Groece
759 3211 845 3272 nibus,
859 3216 929 3274 atquc
946 3216 1088 3274 pareatum
1104 3210 1174 3274 quod
1190 3211 1289 3259 rectius

191 3277 301 3330 dictum.
321 3289 350 3331 st
368 3280 437 3332 forte
456 3283 531 3332 fult
525 3299 550 3332 m
571 3284 722 3334 Callimachi
753 3284 853 3349 judico.

193 3369 268 3405 versu
271 3354 433 3419 ,θιπλλῇσι
443 3355 521 3407 θεῶν.
793 3366 824 3410 16
846 3362 1005 3410 Frustrmtar
1018 3361 1093 3418 falsis
1110 3361 1201 3422 gaudia
1219 3359 1292 3408 locri·

227 3433 258 3478 lu
274 3429 493 3492 Lemoprolcadem
503 3432 722 3495 broolsio,pollioitu
758 3435 840 3499 malis]
865 3437 946 3498 Quas,
968 3442 998 3485 ut
1017 3437 1055 3486 ait
1077 3436 1208 3498 Comicus,
1229 3436 1291 3484 ‘aix

193 3505 239 3568 cal]
257 3504 339 3554 Vetus
356 3505 442 3554 Persii
457 3506 592 3570 Interpres
612 3509 637 3557 in
656 3510 722 3559 illud
760 3511 837 3574 vique
848 3510 1039 3573 expresserint?

193 3581 220 3629 in
231 3579 316 3644 prima
330 3579 435 3643 Satyra,
449 3582 536 3631 ‘Ten’
554 3585 724 3646 cirratorum,’
793 3589 824 3633 17
844 3584 954 3634 Uberibus
962 3584 1198 3648 tlrulmipsaaialm
1205 3584 1292 3634 &sias

194 3658 201 3684 ‘
212 3656 299 3719 Cirri,'
310 3657 404 3722 inquit,
417 3660 580 3709 ‘consecrati
590 3661 669 3709 certis
679 3676 724 3710 nu·
752 3658 872 3722 seudum]
889 3659 920 3709 ln
932 3660 1114 3723 manuscriptis
1132 3659 1243 3720 duobus,
1253 3660 1293 3708 irr-

194 3732 323 3782 minibns’
351 3733 430 3783 Hunc
448 3736 532 3797 ipsum
551 3735 660 3784 vovendi
680 3749 723 3784 eo·
760 3736 915 3794 belamiam·
931 3737 1205 3794 inunoistcrlasrim
1220 3735 1292 3799 quod

193 3823 262 3858 marn
280 3810 502 3874 consecrandique
520 3825 616 3860 morem
637 3812 725 3861 docla—
760 3810 794 3857 ait
815 3808 927 3858 fortasse
953 3810 1119 3872 probabilius.
1149 3809 1293 3861 ‘Ubertin

194 3891 244 3947 rat,
264 3885 316 3934 nisi
335 3882 420 3946 fallor,
440 3886 536 3934 Lucan.
562 3886 633 3934 ‘Hic
653 3901 725 3936 more
761 3884 879 3933 lacrimas
890 3883 1190 3946 fundere,'sicdiuit,ut
1198 3886 1310 3944 ecclc„

195 3966 333 4022 pareutum
345 3959 446 4009 Iasides
457 3961 591 4022 thalamos,
600 3961 642 4010 ubi
653 3969 725 4011 casta
760 3959 855 4008 ‘Flere
867 3959 988 4009 uberiua'
1004 3960 1031 4010 iu
1053 3973 1084 4010 ιι.
1104 3960 1173 4010 enim
1193 3960 1295 4026 Philip·

195 4034 359 4085 adolesceret
370 4042 435 4087 astas
445 4035 582 4097 Virgineus
593 4035 673 4085 libare
685 4050 727 4085 co·
761 4037 830 4100 pica,
855 4036 937 4087 ‘Cum
959 4030 1060 4087 mulier
1077 4036 1155 4088 fleret
1177 4037 1295 4099 uberius,

196 4121 260 4172 mas,
271 4110 417 4175 primosque
432 4112 535 4163 solebat
546 4113 677 4162 Excusare
688 4121 725 4161 to-
761 4114 835 4162 homo
854 4113 1000 4163 misericors
1019 4111 1089 4162 farre
1107 4127 1159 4164 nou
1179 4112 1293 4177 putator
