2752 4694
188 287 253 355 ⁷22
429 304 533 352 nisa.
557 301 718 350 susurri
744 300 1039 349 nununsrrouus

187 438 300 501 deficere
326 453 436 497 caeteros
462 445 550 495 videas
576 457 668 508 operas
690 442 716 492 in
752 441 907 504 redimunt
927 447 1007 490 eruta
1024 437 1180 490 barbaricis
1195 437 1286 502 pristi-

187 535 322 574 commuue
333 521 433 583 largiri:
451 520 479 569 id
493 519 562 584 quod
580 534 596 568 a
611 519 716 568 summis
752 530 811 566 nom
822 516 887 565 illud
897 516 978 567 decus
988 516 1073 565 denuo
1084 514 1200 578 aspiret:
1218 516 1285 564 tule-

188 615 258 665 ssspe
267 598 327 648 siris
336 597 483 647 factitatum
495 596 655 645 invenimus:
672 593 716 658 qui
751 605 801 656 que
808 592 977 655 congerendis
985 592 1138 654 optimorum
1146 595 1285 639 auctorum

186 683 241 726 tum
253 689 280 724 se
291 673 393 723 demum
405 671 467 721 boni
478 670 573 735 aliquid
584 673 715 718 assecutus
751 667 823 717 libris
842 668 954 717 studium
975 666 1108 727 adhibeat,
1118 671 1149 714 nt
1164 664 1190 714 id
1209 664 1285 714 brevi

187 749 388 809 arbitrabantur,
403 748 423 797 si
434 748 460 797 id
472 747 498 796 in
507 747 646 796 utilitatem
658 746 714 808 plu·
751 757 809 792 eum
818 743 857 792 bis
866 757 924 808 qnae
933 742 1045 791 diximus
1054 739 1215 803 temporibus
1220 741 1285 804 jure

186 825 308 875 rimorum
336 823 491 873 collocatum
512 822 544 871 iri
565 822 715 882 sensissent,
751 816 891 880 confligere
902 817 991 880 possit.
1024 817 1076 866 Sed
1092 814 1286 880 nequstidelis-

185 914 237 950 non
249 905 277 948 ut
288 899 315 948 id
326 899 394 948 intrs
405 898 520 961 privatos
529 897 645 960 parietes
656 910 715 946 con·
752 892 809 940 simi
820 893 976 955 interpretes
994 892 1086 942 deesse
1103 890 1177 940 nobis
1191 891 1284 941 viden-

186 971 373 1040 ilueaut,quod
385 974 472 1023 miseri
491 988 594 1037 semper
613 987 644 1022 ac
663 988 715 1023 sor·
751 973 804 1030 tur,
813 968 997 1032 qui‚sicntiM.
1006 969 1066 1018 olins
1074 970 1167 1031 Varro,
1174 969 1201 1018 ld
1209 969 1284 1018 unni·

170 1050 240 1101 -didi
257 1048 353 1112 ingenii
369 1050 542 1099 existimatum
559 1054 608 1109 est,
625 1063 676 1097 non
688 1049 714 1097 in
751 1050 840 1093 tantur
856 1044 946 1094 sedulo
958 1059 988 1093 ac
1009 1044 1141 1106 studeant,
1155 1054 1184 1093 ut
1197 1044 1284 1108 quoad

184 1126 225 1175 bis
239 1125 316 1174 modo
330 1139 388 1188 quse
410 1124 437 1172 iu
453 1138 526 1172 nsum
548 1123 714 1173 traducendus
750 1119 805 1183 ejus
826 1119 882 1168 fieri
903 1120 992 1183 possit,
1008 1133 1053 1169 eos
1073 1119 1117 1183 qui
1135 1125 1283 1182 temporum

184 1201 246 1251 ritae
258 1207 407 1264 comparata
418 1207 487 1259 sunt,
499 1199 546 1249 sed
557 1199 583 1247 in
592 1199 630 1248 eis
641 1204 669 1248 et
680 1213 714 1247 ex
749 1194 844 1258 injuria
853 1196 925 1259 quasi
939 1195 1103 1255 interierant,
1118 1200 1282 1258 veternoque

184 1275 276 1339 quibus
287 1281 409 1340 tanquam
425 1274 601 1338 penetralibus
613 1273 715 1339 quibus·
750 1284 781 1320 ae
792 1270 889 1334 pedore
901 1271 954 1334 jam
966 1284 1046 1332 prope
1059 1269 1155 1331 sepulti
1165 1267 1283 1329 inerunt,

184 1351 292 1413 dum,et
308 1351 369 1401 vite
383 1350 713 1412 nustraeimtitutumopti·
748 1345 775 1394 in
801 1346 885 1394 lucem
913 1345 1118 1408 dignitatemque
1143 1343 1282 1407 pristinam

183 1441 262 1487 mum,
276 1433 304 1476 et
321 1427 469 1476 excolendis
478 1425 589 1488 ingeniis
600 1423 721 1473 fructum·
749 1427 913 1470 revocentur.
946 1421 989 1470 Sic
1012 1421 1081 1468 enirn
1107 1417 1219 1481 Plinius,
1241 1419 1281 1468 sic

182 1492 338 1551 uberrimum
356 1513 449 1549 eruere
469 1499 605 1563 possimos.
637 1498 714 1549 Quod
749 1496 908 1559 Pomponius
927 1496 1007 1557 Mela,
1026 1495 1064 1544 sic
1082 1493 1208 1557 Papinius
1223 1495 1283 1543 Sta·

182 1577 266 1638 ipsum
277 1581 373 1639 quanto
388 1574 474 1624 studio
490 1573 629 1638 antiquitas
640 1587 714 1621 cura·
749 1573 800 1622 tius
818 1575 899 1623 etsie
918 1573 1083 1636 Propertius,
1092 1573 1281 1637 Juvenulisque

182 1651 227 1713 rit,
243 1656 273 1701 ut
290 1651 392 1714 legendi
409 1648 508 1700 sbilieet
519 1650 610 1713 optimi
626 1651 713 1713 eujus·
747 1649 885 1712 leguntur:
904 1650 987 1714 etqui
1003 1648 1136 1712 superiore
1152 1663 1210 1698 arvo
1227 1664 1281 1698 om·

182 1739 233 1790 que
244 1728 355 1776 auctoris
366 1726 500 1775 commoda
511 1725 591 1774 cuivis
603 1723 712 1773 facultas
747 1724 823 1773 nibus
838 1724 960 1773 membris
979 1724 1114 1787 discerpti,
1128 1721 1215 1786 fracti,
1235 1738 1280 1772 ex·

182 1799 299 1859 daretur,
321 1814 379 1848 curn
400 1799 542 1848 liberalitas
566 1797 712 1860 principum
746 1799 1068 1862 unimesquevidebantur‚
1086 1813 1154 1847 nnnc
1173 1799 1281 1863 integri,

182 1887 231 1937 per
257 1885 289 1922 es
314 1881 447 1936 tempora,
465 1879 519 1922 tnm
548 1872 710 1921 bibliothecae
747 1875 833 1935 solidi,
843 1875 973 1938 viridique
986 1874 1185 1937 perspiciuntur.
1202 1875 1280 1923 Solrss

181 1947 404 2011 sumptuosissima
423 1954 497 1997 tanta
516 1947 639 1997 bonorum
657 1947 712 1996 dili-
747 1949 881 2012 poetarum
894 1950 1076 2012 Catullus,qno
1092 1962 1168 1997 nemo
1181 1948 1279 2011 jncun-

180 2023 270 2086 gentia
279 2029 437 2085 comparatae
447 2021 601 2082 ostendunt;
614 2030 643 2072 nt
650 2023 711 2071 mibi
746 2022 812 2086 dior,
823 2038 899 2073 nemo
911 2025 1004 2073 tersior
1018 2023 1113 2085 fuerat,
1127 2023 1220 2072 scabra
1232 2024 1277 2073 ad·

181 2110 232 2147 non
249 2097 338 2146 mirum
358 2111 419 2145 sanc
441 2096 568 2159 videatur,
586 2103 627 2147 tot
643 2098 711 2147 viros
745 2101 795 2149 bue
818 2100 937 2163 rubigine
964 2100 1077 2149 consitus
1103 2099 1279 2150 detinebatur.

180 2173 375 2232 eruditissimos,
396 2177 437 2221 tot
458 2172 656 2234 praeclarissima
673 2172 711 2220 in·
746 2175 795 2223 Cui
817 2175 850 2223 ad
872 2182 1016 2238 temporum
1038 2175 1168 2239 injuriam,
1191 2191 1225 2225 ue
1248 2176 1276 2225 id

181 2251 259 2313 genia
275 2263 325 2298 uuo
342 2249 416 2298 simul
433 2255 550 2312 tempore
562 2246 711 2312 effloruisse,
746 2248 847 2313 quidem
870 2248 960 2300 defore
987 2250 1081 2313 potuit,
1101 2251 1236 2315 quominus
1261 2266 1278 2300 a

181 2326 266 2375 nbics
277 2325 413 2375 excolendi
430 2325 524 2388 ingenii
544 2326 615 2388 quasi
629 2340 710 2374 arma-
746 2325 921 2375 literatoribus
941 2325 1092 2389 quibusdam
1111 2327 1275 2389 stigmatibus

180 2400 307 2448 menteris
318 2399 438 2464 quedam
451 2399 588 2462 publicitus
598 2413 710 2462 expone·
744 2398 919 2449 ineluibilibus
930 2401 1084 2452 inureretur.
1117 2402 1278 2453 omiserun-

180 2479 279 2524 rsntur.
312 2475 350 2523 Ut
364 2473 432 2522 enim
448 2473 613 2521 Pisistratum
631 2472 711 2523 Athe·
745 2473 1276 2539 damlepidissimipoe'tefortuusmlQuis

180 2550 295 2599 iriensem
308 2555 448 2608 transeam,
463 2553 491 2596 et
505 2553 567 2610 post
582 2548 650 2596 bunc
666 2548 710 2597 Se·
745 2549 813 2597 enim
834 2549 950 2598 indolere
967 2550 1142 2599 vehementius
1161 2564 1212 2599 non
1231 2551 1276 2598 de·
1312 2592 1315 2596 .

176 2625 281 2675 lnctrm
308 2623 475 2678 Nicanorem,
503 2635 609 2684 quornm
632 2637 710 2685 opera
745 2622 815 2686 beat,
841 2637 885 2672 eas
912 2624 1015 2673 bumani
1042 2625 1142 2687 generis
1164 2625 1275 2675 delicias

176 2697 336 2748 incredibilis
359 2696 482 2745 librorum
503 2695 580 2758 copia
602 2694 711 2747 Athenis
744 2698 886 2747 tenebrosis
897 2699 1056 2763 quorundam
1069 2699 1195 2749 erroribus
1206 2701 1274 2751 adeo

179 2780 332 2823 constructa
353 2772 463 2831 dicitnr3
486 2770 601 2834 illudque
623 2771 711 2834 etiam,
743 2772 880 2836 obductas,
899 2783 928 2823 ut
941 2775 1000 2837 jore
1021 2789 1051 2824 ac
1073 2775 1167 2824 merito
1186 2776 1274 2826 dicere

179 2849 247 2913 quod
260 2848 413 2898 incredibile
423 2846 515 2912 fertsrr,
525 2846 594 2896 bello
610 2847 711 2896 scilicet
743 2849 865 2911 possimus
884 2850 909 2897 id
928 2851 997 2914 quod
1017 2851 1050 2900 de
1072 2865 1099 2901 se
1115 2853 1196 2900 Vates
1217 2853 1274 2915 ipse

178 2924 354 2975 Alexandrino
366 2923 474 2975 casaris
493 2922 527 2972 ad
545 2922 710 2986 septingenta
742 2924 914 2987 lepidissimus
926 2926 1079 2975 vaticinatus
1095 2932 1143 2987 est,
1159 2925 1217 2975 ‘At
1230 2942 1274 2975 ro·

178 3002 335 3052 voluminum
349 3001 429 3050 millia
440 2997 630 3062 conflagrasse3
648 3014 709 3048 non·
743 3002 782 3051 bis
794 3003 860 3050 male
872 3002 998 3062 sit,malae
1008 3001 1119 3050 tenebrae
1130 3001 1274 3064 Orci,quse

178 3091 212 3126 ne
223 3076 279 3143 ejus
296 3077 332 3125 rei
352 3075 420 3138 apud
437 3075 564 3124 Romanos
575 3075 709 3137 complura
741 3077 825 3125 omnia
843 3077 909 3126 bellu
929 3077 1076 3126 devoratis:
1093 3078 1158 3125 Tam
1176 3077 1273 3126 bellurn

178 3151 251 3203 uobis
262 3152 381 3215 exempla
392 3164 442 3199 non
453 3155 604 3213 suppetunt,
612 3154 708 3212 quanta
743 3150 805 3199 mibi
817 3165 945 3214 passerem
962 3151 1110 3201 abstulistis.
1136 3152 1161 3201 0
1170 3150 1273 3201 facturn

178 3226 219 3274 val
232 3241 247 3274 a
258 3226 341 3275 Paulo
350 3225 460 3284 AEmilio,
471 3225 513 3273 vel
527 3225 639 3274 Lucullo
648 3232 707 3288 post
744 3226 823 3275 male!
836 3227 958 3276 omiselle
966 3225 1075 3290 passerl'
1088 3227 1184 3275 Verum
1193 3229 1275 3275 enim·

177 3300 291 3364 prauam
318 3299 454 3348 Ponticum
481 3299 604 3349 librorum
632 3302 707 3365 copia
744 3314 805 3349 vero
824 3315 909 3350 rerum
932 3303 1033 3351 Natura
1061 3316 1153 3366 parens
1175 3302 1273 3350 diutins

177 3375 257 3423 fuerit
275 3375 440 3437 comparata?
462 3374 524 3424 dato
544 3386 605 3440 post
623 3385 651 3426 et
668 3379 706 3429 M.
743 3381 841 3425 tantam
853 3377 984 3438 jacturam
997 3391 1047 3425 non
1063 3377 1201 3439 sustineus,
1213 3391 1272 3426 enm

177 3450 287 3498 Varroni
304 3449 409 3511 negotio
431 3449 602 3501 bibliothecas
620 3466 705 3502 omnes
743 3450 893 3514 aliquandiu
911 3451 989 3514 poeta
999 3452 1203 3516 jucundissimus
1219 3455 1273 3502 situ

177 3522 312 3588 utriusque
323 3523 416 3585 lingua
430 3525 568 3575 ordinandi
585 3541 616 3576 ac
634 3527 704 3590 dige·
741 3541 907 3590 marcoreque
918 3529 1274 3593 squalleret,quomodotun·

147 3641 151 3652 .
177 3598 258 3650 rendi.
283 3600 389 3649 Nullum
402 3600 501 3650 seilicet
513 3601 656 3651 uberiorem
666 3602 704 3649 iu·
742 3601 963 3652 dembuneetiam
981 3604 1007 3652 in
1023 3605 1105 3654 lucem
1124 3604 1274 3668 reduceret,

177 3673 260 3738 geniis
268 3673 382 3725 fructum
393 3677 535 3741 rsti,qoam
548 3677 568 3725 si
581 3676 606 3724 id
618 3677 643 3724 in
653 3690 704 3740 quo
742 3676 817 3724 enixa
837 3683 885 3739 est,
907 3677 933 3726 id
956 3685 1006 3741 est,
1026 3687 1056 3728 ut
1078 3678 1171 3728 cisium
1190 3680 1271 3743 ipsius

176 3749 337 3802 detineretur
363 3753 471 3817 quisque
497 3753 618 3823 manime,
643 3753 704 3802 dala
740 3754 902 3803 inveniretur
923 3755 1023 3820 aliquis,
1050 3756 1093 3820 qui
1112 3771 1180 3819 eum,
1208 3764 1235 3807 et
1256 3772 1273 3806 a

175 3824 224 3876 sibi
235 3827 337 3890 legendi
355 3829 431 3891 copia
450 3835 637 3891 assequeretur.
671 3827 703 3877 ln
740 3830 861 3880 barbarie
877 3831 1068 3895 vindicaret,et
1078 3831 1122 3881 nbi
1133 3831 1218 3896 aliqua
1230 3833 1271 3881 rel

176 3914 226 3964 quo
237 3915 292 3953 aevo
303 3908 392 3951 nostro
405 3902 538 3965 gratulari,
555 3907 583 3950 et
599 3902 702 3968 quidem
741 3905 862 3954 mendosa
874 3907 915 3955 vel
923 3907 1042 3956 abstrusa
1052 3913 1138 3957 essent
1149 3907 1272 3956 emenda·

174 3976 395 4027 vehementissime
415 3970 472 4026 'non
499 3990 609 4039 possum,
633 3979 703 4042 qrred
741 3986 792 4046 ret,
802 3981 956 4045 explicaret,
972 3991 1051 4043 atque
1070 3983 1209 4047 digereret.
1243 3983 1270 4033 Is

175 4050 290 4101 extincto
302 4052 356 4115 jam
377 4067 456 4117 prope
478 4052 600 4102 bonarum
618 4053 703 4104 litera·
741 4063 782 4105 est
798 4057 972 4120 Hieronymus
991 4056 1119 4108 Avantins
1137 4061 1272 4109 Veronen-

176 4139 229 4174 rum
240 4128 386 4192 splendore,
395 4129 419 4178 in
431 4143 462 4178 ea
471 4144 569 4179 rursum
585 4137 702 4194 tempora
740 4132 782 4194 sis,
793 4135 868 4197 enjus
876 4134 979 4198 vigiliae,
990 4135 1133 4200 eximiaque
1148 4134 1174 4184 in
1186 4137 1270 4186 civem
