2752 4694
190 296 255 361 578
441 311 571 361 scum.
594 309 718 360 suurn
742 306 1045 359 oouuaursatus

190 454 285 515 officio,
305 453 444 504 deductum
464 452 497 503 sd
520 467 548 504 se
571 467 618 515 pro
637 466 719 503 uxore
757 449 1101 516 1..Po‘mponlc‹tucnrar
1112 449 1167 499 haec
1179 448 1212 498 ab
1223 448 1288 514 aliis,

189 528 299 580 babuit!
321 531 442 581 Juvenal.
460 531 515 580 Sat.
533 543 560 580 x.
575 527 719 580 flammeum
754 528 842 580 ‘Jube
853 527 933 582 modo
946 517 1082 577 efflatur
1098 540 1173 585 unus,
1183 539 1233 588 ego
1245 538 1288 573 so·

189 612 308 669 paratum
328 604 404 666 dixit,
421 606 429 632 ⁸
448 604 554 655 Dudum
576 603 651 654 sedet
673 605 720 653 ills
757 617 813 653 com
841 600 953 657 reddeat¹
969 606 1075 650 tenuem
1096 606 1124 649 et
1141 596 1287 650 tinnulam)

190 687 281 744 parato
291 679 451 730 flammeolo?
488 680 585 729 Nescio
597 695 640 741 au,
650 695 720 742 cum,
757 678 816 726 Nisi
834 676 866 726 id
881 675 953 725 diest
964 690 992 725 se
1003 676 1075 724 saria
1092 689 1196 723 usurum
1214 687 1288 728 soce.

189 756 281 806 relicto
302 755 397 818 priore,
418 754 551 804 nubebant
573 755 626 815 alii,
646 753 719 803 dam·
756 750 1019 814 Esprerslssesutem
1036 748 1153 798 catullus
1173 747 1288 808 ridetur,

188 846 272 879 meum
294 830 365 893 prius
386 829 554 878 scinderent:
579 830 628 878 hoc
651 829 719 878 euim
757 827 826 894 qnod
837 827 937 878 Gallim.
949 827 1017 876 dixit
1028 825 1170 890 Hymuoiu
1182 825 1287 886 Delum,

189 905 333 969 siguificare
353 905 456 955 ridetur
474 905 595 957 Juvenal.
613 903 669 952 Sat.
680 903 718 953 vs.
757 903 852 965 Ιῦηχὴς
863 905 976 964 inernies.

188 981 403 1043 ‘Permutatque
432 979 528 1039 domos,
553 985 581 1028 et
602 977 721 1028 flamm
790 984 820 1029 14
838 981 904 1029 Pelle
922 981 1015 1029 λιιιλιιιιι
1029 977 1138 1042 pedibus]
1162 976 1227 1025 Hac
1244 981 1287 1026 est

187 1055 318 1105 conterit!
338 1054 397 1104 Nisi
405 1055 497 1103 iratam
506 1053 533 1102 id
542 1053 612 1101 dicat
622 1053 720 1115 smne,
757 1056 862 1121 ὄρχησις,
874 1071 931 1120 quae
942 1055 1059 1104 adhiberi
1076 1052 1209 1116 innuptiis
1220 1052 1288 1100 solo-

188 1131 230 1179 vel
258 1130 350 1180 crebra
377 1129 490 1188 divortia
517 1129 555 1178 sic
582 1127 721 1192 significet.
756 1131 811 1192 bat,
823 1132 856 1180 de
867 1144 918 1195 qua
929 1130 1063 1191 interpres
1074 1126 1205 1192 Apollonii
1217 1125 1287 1190 prin·

189 1205 303 1270 Nuptias
313 1205 395 1255 AEiius
406 1212 435 1255 et
445 1205 549 1255 Cincius
565 1202 649 1254 dictas
659 1219 719 1254 ceu·
757 1207 826 1272 cipio
836 1206 881 1256 lib.
891 1219 935 1255 111.
953 1205 1097 1268 Argonaut.

186 1288 302 1343 suerunt,
310 1281 369 1344 quin
379 1279 497 1330 flammeo
507 1287 588 1344 capnt
598 1281 720 1330 nubentis
790 1282 866 1331 Murra
874 1282 975 1331 Pineum
982 1278 1156 1344 quutetaedum]
1164 1278 1216 1331 lire
1226 1284 1288 1328 sunt

187 1355 457 1419 obvolvebatur,quod
465 1354 564 1419 antiqui
575 1354 719 1405 Obnubere
755 1357 807 1406 illae
826 1355 899 1406 faces
920 1356 1060 1419 nuptiales,
1072 1356 1106 1404 de
1123 1355 1215 1419 quibua
1229 1353 1288 1415 jam

189 1436 323 1479 vocarunt.
358 1431 430 1480 Fert.
451 1429 544 1492 Pomp.
564 1429 719 1479 idemaffir·
755 1445 842 1495 supra,
860 1437 888 1480 et
903 1431 1003 1494 Vergil.
1020 1431 1134 1494 ‘Mopse
1153 1444 1233 1487 novas
1247 1431 1288 1479 iu÷

189 1505 276 1554 matiu
286 1518 329 1555 ιιι.
337 1505 408 1554 Fut.
417 1502 496 1554 ovid.
507 1505 614 1555 ‘Credit
622 1520 720 1568 amaus,
756 1507 815 1561 cide
826 1506 920 1557 faces:’
944 1514 973 1556 et
984 1506 1063 1556 Ovid.
1080 1505 1107 1561 in
1125 1505 1225 1568 nuptiis
1235 1504 1288 1555 Or.

188 1582 365 1647 thalamosque
385 1587 469 1645 parat,
490 1580 629 1632 deducitur
649 1582 723 1646 illuc,
756 1583 827 1647 pbei,
837 1584 845 1609 ‘
857 1581 913 1630 Fax
931 1595 1042 1645 quoque,
1053 1594 1129 1643 quam
1145 1577 1239 1640 tenuit,
1250 1578 1289 1632 la·

188 1657 264 1709 Anna
283 1665 376 1722 tegens
394 1658 480 1708 vultus
499 1663 530 1707 ut
550 1672 617 1708 nova
637 1664 720 1721 nupta
756 1671 872 1722 crymoso
892 1656 1002 1706 stridula
1023 1655 1094 1705 fumo
1111 1657 1200 1719 Usque
1224 1652 1288 1717 fuit,

189 1733 266 1784 suos?
755 1734 888 1797 nullosque
899 1732 997 1781 invenit
1007 1730 1120 1781 motibus
1128 1731 1218 1794 ignes!
1234 1729 1289 1778 Cur

220 1809 443 1859 educentem
452 1823 540 1871 germ
550 1808 652 1866 lacteum
659 1810 719 1870 pede
755 1815 843 1858 autem
861 1808 973 1870 Spiseom
990 1807 1081 1871 magis,
1091 1820 1168 1870 quarn
1186 1804 1289 1855 Pineum

187 1884 289 1948 mecum]
307 1885 433 1934 Habitum
446 1885 583 1948 Hymenaei
593 1884 720 1932 describit
755 1885 842 1933 toedum
860 1883 912 1946 legi
929 1888 1061 1946 oporteat,
1079 1896 1131 1934 non
1148 1880 1239 1930 video:
1257 1886 1289 1930 nt

188 1961 268 2017 Ouid.
291 1963 358 2010 Met.
380 1975 408 2010 x.
429 1960 456 2010 iu
482 1960 583 2024 Orphei
610 1960 719 2023 nuptiis,
756 1955 1198 2021 enimillaminnuptiisadhibitam
1208 1953 1290 2004 titisse

187 2039 196 2065 ‘
210 2036 275 2086 lude
288 2051 335 2101 per
345 2036 497 2085 immensum
514 2051 608 2086 croceo
622 2038 720 2085 velatus
739 2034 907 2097 concedam,
928 2035 983 2097 ejus
1006 2041 1094 2083 tamen
1116 2031 1224 2095 propria
1249 2031 1290 2090 uis

137 2167 140 2172 .
186 2111 284 2163 amictu
294 2111 399 2161 AEthera
417 2112 570 2175 digreditur,
581 2113 720 2161 Ciconum·
756 2111 901 2176 putabatur
912 2111 1025 2174 pellendi
1043 2111 1133 2160 noxia:
1152 2110 1186 2159 de
1198 2123 1249 2174 qno
1260 2111 1290 2160 o't

186 2203 236 2252 que
253 2188 412 2251 Hymenaeus
429 2189 462 2237 ad
484 2203 542 2237 oras
559 2188 667 2250 Tendit,
691 2194 720 2237 et
755 2188 839 2235 Varro
858 2194 887 2235 ut
904 2186 970 2235 citat
990 2186 1106 2235 Carisius
1123 2184 1170 2234 lib.
1187 2199 1208 2235 t.
1233 2176 1289 2234 ‘ln

187 2262 305 2326 Orpheia
322 2264 493 2326 nequicquam
513 2277 577 2312 voce
600 2268 717 2312 vocatur.
756 2258 819 2309 Asia
836 2259 896 2309 sax'
915 2259 965 2324 (sic
984 2261 1052 2309 euim
1067 2257 1219 2323 legendum)
1233 2261 1288 2309 ‘ex

188 2336 282 2391 Adfuit
292 2337 336 2385 ille
347 2337 461 2400 quidem,
470 2337 515 2386 aed
525 2351 573 2386 nec
583 2335 719 2386 sollemnia
756 2336 832 2397 spina
843 2335 903 2385 alba
914 2333 1062 2398 prefertur,
1073 2335 1142 2400 quod
1152 2335 1289 2398 purgatio-

188 2411 279 2474 rerba,
299 2410 357 2460 Nec
379 2412 453 2460 laetos
475 2412 569 2471 vultus,
589 2425 639 2458 nec
655 2409 718 2466 felin
756 2412 795 2460 nis
807 2409 1071 2461 carusaadhibeturs'
1088 2416 1117 2460 et
1128 2408 1289 2465 Orid.1·'ust,

189 2487 285 2536 adtulit
296 2487 389 2536 omen!
422 2489 517 2536 Soccus
527 2493 613 2536 auteur
624 2488 718 2550 luteus,
755 2486 851 2536 lib.v1.
867 2486 930 2535 ‘Sic
947 2485 1027 2548 fatus,
1042 2487 1216 2553 spinamque
1230 2485 1288 2538 tris-

186 2562 258 2624 quod
270 2576 301 2611 eo
312 2561 393 2624 pedes
405 2562 546 2611 induebant
555 2563 614 2612 novi
622 2562 719 2612 mariti.
757 2571 797 2612 tes
814 2564 913 2626 pellere
931 2562 1020 2626 posset
1037 2561 1063 2611 A
1077 2561 1176 2612 foribus
1194 2576 1288 2625 noxas,

187 2637 287 2687 Seneca
313 2637 340 2684 iu
369 2637 515 2701 Hippolyto
537 2637 570 2686 de
595 2638 720 2700 Hercule,
755 2637 1071 2702 haeceratalba,deditz’
1087 2639 1288 2701 sepost‚‘Vir-

32 2707 41 2717 '
140 2729 142 2733 ’
188 2710 288 2760 ‘Crura
297 2708 553 2773 destinctoreligarit
563 2726 626 2760 auro
635 2713 718 2761 Luteo
756 2729 841 2779 gaque
851 2715 952 2764 Janalis
963 2714 996 2763 de
1008 2715 1083 2776 spina
1096 2712 1208 2762 sumitur
1218 2713 1288 2773 alba,

188 2784 291 2849 plantas
312 2785 452 2836 cohibente
478 2802 566 2849 socco,
586 2789 620 2837 Et
642 2803 718 2836 manu
756 2791 816 2842 Qua
833 2791 919 2838 iumen
939 2790 1056 2838 thalamis
1073 2804 1154 2852 parva
1169 2787 1289 2841 fenestra

188 2860 287 2910 clavam
304 2861 381 2911 modo
399 2875 450 2923 qua
469 2862 584 2927 gerebat,
602 2863 659 2912 Fila
674 2863 718 2911 de·
756 2866 847 2929 debat,
864 2867 929 2916 Post
942 2866 1005 2915 illud
1025 2880 1109 2930 neque
1129 2879 1189 2914 ures
1205 2879 1288 2914 cunas

188 2935 264 3003 duxit
274 2942 433 2998 properante
444 2936 507 2986 filo)
756 2941 865 2989 violasse
884 2939 1013 3000 feruntur,
1039 2942 1074 2991 Et
1097 2939 1177 2990 rediit
1197 2953 1289 3008 puero,

221 3015 250 3060 ll
263 3011 490 3073 Excitosquelsiluri
498 3012 547 3075 die]
558 3013 602 3062 Sic
610 3013 718 3065 Terent.
756 3016 800 3079 qui
819 3015 870 3064 fuit
890 3023 960 3076 ante,
978 3015 1067 3066 color!
1100 3015 1205 3065 Deinde
1226 3030 1289 3065 rero

187 3084 322 3135 ‘Hilarem
332 3087 400 3136 hunc
412 3102 542 3137 sumamus
553 3089 637 3139 diem.’
755 3089 814 3138 libri
843 3091 1013 3153 manuscripti
1033 3105 1203 3156 quoscunque
1227 3091 1291 3157 ridi,

221 3163 252 3207 12
267 3161 395 3222 Nuptiuliu
412 3166 534 3213 concinens
555 3165 615 3215 Voce
632 3167 718 3215 curmi-
756 3167 858 3214 Pineum
877 3181 965 3215 omnes
987 3167 1134 3227 habehaut3
1162 3182 1242 3232 quarn
1262 3167 1289 3216 in

187 3250 219 3286 ua
239 3235 342 3298 tinnulo]
368 3239 489 3288 Carmina
510 3243 637 3303 nuptialia
659 3259 717 3307 quae
755 3243 854 3305 nuptiis
864 3242 981 3292 adbiberi
992 3244 1095 3293 solitam
1107 3244 1251 3293 ostendunt
1263 3250 1290 3300 et

187 3309 296 3360 Theocr.
315 3310 341 3357 in
361 3312 465 3374 Europa
482 3311 557 3372 Γάμια
570 3316 631 3374 μελὴ
644 3316 718 3378 dicit,
755 3318 837 3381 Verg.
849 3319 906 3368 AEn.
926 3333 976 3367 vu.
993 3317 1167 3383 ‘flagrantem
1186 3318 1291 3380 fervida

189 3383 303 3442 Κόλχοισι
313 3387 406 3434 τανιωΐς
416 3385 501 3446 γάμον
515 3387 717 3448 μέλοςήιύοντες,
755 3393 845 3454 pinum
866 3393 992 3452 Sustinet,
1011 3409 1042 3443 ac
1061 3401 1141 3455 natae,
1157 3394 1290 3460 Turnique

188 3463 216 3505 et
235 3458 326 3519 Eurip.
347 3460 501 3517 Troadibus,
522 3459 616 3524 Δάκρυά
636 3464 658 3512 τ’
679 3465 718 3514 du-
756 3467 825 3514 canit
838 3466 996 3529 Hymenaeus
1004 3467 1021 3516 ε’
1038 3475 1065 3516 et
1078 3468 1158 3518 Ouid.
1176 3471 1250 3522 Fast.
1260 3485 1291 3522 ιι.

119 3602 122 3609 Ι
187 3530 341 3581 ταλλᾶσσετε
362 3535 415 3582 Τοῖς
430 3537 501 3592 ,τῆσδε
517 3535 599 3596 μέλεσι
615 3537 718 3600 Τρῳάδες
755 3541 845 3590 ‘Dum
864 3547 951 3592 lamen
968 3542 1024 3591 baec
1042 3542 1115 3605 fient,
1135 3544 1220 3594 vidnae
1237 3561 1291 3597 cea·

187 3605 317 3672 municas·
341 3607 400 3657 Hoc
410 3609 494 3672 ipsum
506 3610 654 3673 significans
666 3614 717 3665 Or.
757 3622 813 3664 sate
824 3618 927 3679 puella.
961 3618 1106 3682 Exspectet
1123 3634 1202 3681 puros
1215 3622 1293 3685 pinea

187 3681 255 3733 Met.
264 3696 294 3739 y.
311 3682 318 3708 ‘
330 3680 404 3734 Atria
416 3685 588 3747 complentur,
599 3701 647 3737 nec
659 3704 719 3740 con·
758 3690 828 3740 tuda
839 3692 912 3741 dies)
945 3692 1030 3742 Locus
1043 3699 1085 3743 est
1100 3693 1209 3759 insignis
1220 3695 1292 3759 apud

183 3754 286 3820 jugalia
297 3771 371 3809 sacra
386 3759 438 3812 Qui
454 3766 540 3820 ranst,
552 3768 592 3810 est
604 3763 718 3813 clamor!
758 3765 872 3814 Nonium
884 3768 1039 3817 Marcellum
1051 3768 1079 3818 iu
1091 3769 1172 3819 verbo
1188 3771 1197 3799 ‘
1210 3771 1290 3823 Faxz'

187 3832 293 3882 Servius
304 3833 331 3881 iu
340 3833 398 3886 AEn.
409 3847 459 3886 vu.
470 3834 495 3881 iu
508 3835 597 3894 illud,‘
610 3838 645 3885 Hi
658 3839 719 3887 Fes·
758 3840 802 3901 qui
812 3841 860 3890 hoc
873 3841 955 3904 ipsum
974 3844 1051 3905 plane
1062 3843 1209 3895 confirmat.
1242 3848 1293 3909 Eat

187 3909 309 3958 cenninus
329 3907 438 3961 acies,’‘
456 3909 660 3971 Fescenninum,’
681 3912 718 3960 in·
758 3922 844 3963 autern
852 3915 873 3963 is
881 3917 1046 3981 inimpressis
1055 3918 1293 3985 hocmodot‘Fax,

189 3983 254 4044 quit,
273 3984 417 4046 ‘oppidum
438 3991 480 4034 est
498 3984 657 4046 Campania,
673 3987 719 4035 ubi
758 4004 815 4052 pro,
834 3991 1105 4057 FaceVar.1'e'povrm
1130 3997 1294 4062 διδασκαλίου,

188 4058 314 4117 nuptialia
325 4059 432 4109 iuventa
449 4065 508 4107 eruut
523 4059 656 4110 carmina!
674 4063 720 4123 tiu·
759 4063 872 4114 confluit
891 4067 1026 4119 mulierum
1044 4077 1101 4119 tota
1123 4072 1215 4123 Roma.
1233 4089 1292 4140 quae

188 4127 252 4188 aliu,
264 4134 345 4196 tenui,
364 4135 390 4183 id
410 4143 461 4198 est,
472 4150 529 4207 quse
546 4151 621 4188 aures
632 4135 719 4190 feriat.
754 4146 837 4189 noctu
858 4139 916 4191 fieri
932 4142 1005 4207 initia
1025 4145 1102 4202 solita
1120 4147 1204 4199 etism
1222 4163 1292 4202 nune
