2752 4694
178 295 243 360 468
428 312 468 358 ur.
493 311 529 357 n.
553 310 700 358 uruanur
725 309 1025 358 conmonuemus

179 453 345 515 discipulum,
354 451 427 514 cujus
435 451 555 516 frequens
566 457 594 501 et
605 451 631 500 lu
642 452 710 501 Pan·
749 458 784 514 te,
803 451 959 515 Antiphilsi'
981 455 1017 513 et,
1034 452 1123 500 ‘Vera
1144 463 1177 500 ue
1196 457 1223 501 te
1241 451 1282 501 sa·

179 527 264 577 dectis
286 533 314 576 et
340 527 367 575 iu
388 527 445 576 aliis
468 523 570 591 scriptis
590 533 709 577 velerum
747 528 809 584 cies,
821 542 897 576 verus
916 528 975 577 mihi
988 527 1097 576 nuncius
1108 525 1280 594 offers,Nate

179 603 277 651 mentio
295 600 359 665 est,)
381 609 410 651 rrt
429 602 574 651 iuratione
593 603 710 652 colenda
748 604 798 654 dea
806 604 823 652 i'
839 611 868 654 et
878 605 978 654 similia.

178 677 300 726 amicitiae
320 676 495 740 perfidiosum,
515 684 639 737 accuaut3
665 678 711 726 mi·
783 679 909 742 lipsiam]
934 680 971 728 Ut
987 679 1086 742 Syrium
1098 685 1126 728 et
1136 677 1282 742 Assyriam,

178 758 308 815 nutatque
325 750 390 813 fore,
406 758 436 801 ut
455 752 502 801 Dii
519 751 623 800 tandem
636 751 711 800 ureri-
748 754 785 804 itu
793 754 917 818 Thyniam
929 759 957 804 et
967 753 1117 817 Bithyniam
1127 767 1175 816 pro
1186 753 1282 802 eodem

179 839 220 878 tas
230 829 263 878 ab
272 843 303 877 eo
314 829 416 879 violate
423 828 486 879 fidei
495 843 585 892 poenns
595 829 711 893 exigant.
748 843 819 895 stepo
836 829 975 890 dicebant3
997 841 1082 892 neque
1097 841 1152 876 sum
1168 828 1283 891 nescius,

179 904 268 952 Facile
281 911 368 953 antem
380 904 548 965 crediderim,
558 904 638 953 etiam
650 905 712 954 Car·
748 905 823 954 aliam
834 905 935 969 Syrium
954 919 1022 966 esse,
1042 904 1117 953 aliam
1131 902 1283 967 Assyriam:

178 992 239 1028 rnen
255 977 320 1028 iufra
332 980 452 1043 positum,
464 979 538 1042 cujus
555 977 710 1042 principium
748 979 795 1029 sed
813 995 828 1028 a
848 980 939 1029 Potitio
959 981 1014 1030 hoec
1034 981 1136 1029 nomina
1156 979 1282 1030 confundi

178 1061 228 1116 est,
243 1055 251 1082 ‘
264 1055 365 1103 Desine
385 1055 418 1103 de
437 1053 584 1120 quoquom‚'
598 1055 710 1103 adhunc
748 1055 797 1107 aio.

177 1127 261 1191 ipsum
272 1127 420 1191 Alphenum
432 1129 573 1191 pertinere.
780 1135 795 1180 7
810 1132 833 1178 0
843 1131 900 1195 qaid
909 1132 1001 1195 solutis]
1019 1132 1147 1197 Quinque,
1154 1145 1212 1181 meo
1224 1133 1283 1197 qui·

214 1208 231 1252 4
259 1203 313 1252 Nec
332 1202 403 1262 suctu
428 1203 515 1266 impio]
543 1205 710 1266 Expressisse
748 1206 809 1256 dem
820 1207 915 1268 animo,
927 1222 1005 1270 supra
1016 1221 1093 1272 quum
1113 1208 1164 1257 dici
1184 1214 1283 1272 polest,

178 1280 284 1330 videtur
292 1296 396 1331 versum
410 1281 528 1342 Homeri,
536 1282 571 1330 od
579 1280 626 1344 γὰρ
636 1280 711 1344 σχέτο
748 1281 926 1346 pulcherrimis
937 1282 1052 1331 versibus
1070 1283 1178 1344 exponit
1189 1283 1284 1346 volup·

180 1363 221 1404 λια
232 1353 291 1417 ἔργα
301 1354 348 1404 teol
358 1354 459 1418 μάκαρες
469 1354 597 1418 ommuni».
747 1364 840 1418 tutem¹
862 1373 913 1422 qua
929 1358 1121 1422 perfundantur
1139 1360 1167 1422 ii,
1174 1358 1226 1424 iqui
1246 1375 1282 1410 ex

210 1435 226 1478 7
245 1431 305 1479 litte
317 1430 418 1490 jubebas
428 1432 531 1480 animum
545 1431 652 1492 tradere]
669 1431 710 1480 Tu
747 1433 1010 1498 longaloboriosaque
1022 1434 1231 1497 peregrinatione
1242 1451 1284 1485 re-

179 1506 237 1568 ipse
244 1505 368 1568 jubebas,
387 1512 416 1554 ut
435 1506 483 1556 tibi
498 1506 609 1554 animum
625 1506 710 1555 trude·
748 1509 817 1558 versi
836 1508 949 1571 domurn,
976 1509 1062 1558 omniu
1084 1509 1119 1558 ihi
1140 1509 1230 1574 quieto
1250 1516 1281 1560 et

178 1593 243 1640 rem,
255 1580 281 1628 id
293 1586 343 1642 est,
356 1588 384 1630 ut
395 1595 436 1630 me
448 1587 531 1631 toturn
541 1581 574 1629 ad
586 1587 612 1629 te
625 1594 711 1629 oman·
747 1584 891 1647 compositu
902 1583 1045 1647 reperiunt.
1079 1585 1223 1637 Etsolutas
1234 1599 1281 1634 au·

179 1655 240 1705 dum
252 1655 351 1705 durem.
747 1668 800 1708 teru
818 1673 906 1718 curos,
925 1664 954 1707 ut
971 1659 1023 1721 hic,
1038 1665 1066 1707 et
1084 1659 1195 1707 solutum
1212 1660 1282 1708 curis

212 1735 241 1779 ll
259 1731 296 1780 Ar
307 1732 344 1779 Di
355 1731 522 1794 meminerunt]
538 1732 568 1781 In
588 1746 646 1780 meo
666 1732 710 1780 iilo
748 1732 870 1792 animum,
881 1740 911 1782 ut
927 1747 998 1795 slepe
1009 1732 1111 1792 Cicero,
1122 1732 1282 1795 etsimplici-

177 1805 254 1867 libro,
266 1807 340 1868 cnjus
357 1806 500 1856 bonitatem
512 1821 642 1871 nunquam
655 1813 711 1855 tun·
748 1812 799 1869 ter,
816 1807 928 1856 solutum
947 1807 1068 1868 auianum,
1087 1821 1135 1869 pro
1151 1807 1234 1856 libero
1251 1797 1282 1856 et

178 1886 271 1943 topero
283 1882 498 1945 perspexi,quom
510 1897 568 1932 cum
581 1882 636 1931 huc
648 1882 710 1931 scri·
747 1882 834 1947 quieto
851 1883 979 1942 dicimua3
997 1889 1025 1931 ut
1045 1881 1071 1929 in
1088 1882 1127 1930 iria
1138 1880 1289 1945 pulcherris

178 1954 266 2004 berem
275 1954 320 2019 (eo
329 1961 415 2004 autem
426 1957 507 2020 magia
519 1957 632 2016 memini,
640 1956 708 2021 quod
746 1959 794 2007 mis
815 1958 936 2007 Varronis
954 1955 1086 2018 versibus3
1103 1956 1281 2022 quiquoniam

178 2044 210 2079 eo
221 2036 307 2092 utens,
315 2036 399 2079 totum
412 2031 552 2094 Catullum,
562 2031 642 2080 etium
655 2038 709 2080 turn
747 2033 816 2096 apud
824 2031 938 2080 Nonium
944 2030 1081 2094 depravati
1092 2031 1226 2093 leguntur,
1235 2031 1283 2079 ud-

176 2107 309 2169 puerulos,
317 2121 388 2170 supe
397 2107 536 2169 relegendo
543 2105 711 2166 edidiceram)
746 2107 858 2156 scribom
876 2105 997 2170 equidem
1016 2119 1061 2154 eoa
1079 2105 1124 2168 ita,
1145 2110 1174 2154 ut
1192 2119 1283 2153 emen·

176 2185 201 2233 in
224 2200 255 2234 eo
274 2185 356 2247 igitur
373 2199 463 2234 versus
482 2185 523 2233 hic
543 2184 580 2233 ita
599 2183 710 2245 scriptus
747 2180 847 2233 dandos
859 2186 930 2244 puto.
962 2180 1048 2229 Varro
1060 2178 1281 2242 ’Artpuruupqiffih

177 2267 242 2322 erat,
260 2260 288 2310 Si
305 2266 333 2309 ta
350 2260 481 2322 obliteres,
496 2265 523 2308 ut
538 2258 710 2321 dimemt’oere,
746 2256 798 2323 περὶ
819 2255 952 2306 Γενεθλίων·
980 2258 987 2285 ‘
1007 2254 1068 2305 Non
1090 2255 1121 2305 lit
1141 2255 1282 2316 thesauris,

94 2390 104 2405 ι
177 2343 203 2385 ut
214 2337 320 2385 meminit
334 2337 421 2385 Fides:
446 2351 505 2399 quae
520 2334 709 2398 lectioquauto
746 2330 1100 2394 nouauropectu'aoloturn.
1115 2331 1281 2381 Nouanimis

177 2416 212 2462 sit
223 2415 377 2475 elegantior,
389 2427 465 2462 nemu
476 2427 527 2461 non
539 2411 619 2460 videt.
746 2407 853 2456 demunt
861 2420 937 2454 curas
946 2420 977 2454 sc
987 2406 1133 2469 relligiones
1142 2407 1280 2457 Persarum

210 2486 295 2548 Fides]
321 2487 398 2536 lluuc
420 2501 522 2550 quoque
545 2486 614 2534 inter
635 2486 709 2534 Deos
747 2479 1212 2543 montes,uonutriadiviti'crussi.’

177 2569 340 2614 numeratum
352 2561 443 2621 fuisse,
455 2576 542 2631 omnep
549 2561 604 2622 jum
616 2561 709 2613 sciunt.
781 2560 811 2606 12
822 2556 893 2606 Soloe
904 2561 1024 2605 uomodo
1030 2554 1131 2619 Sinnio]
1142 2557 1201 2606 Mos
1213 2563 1281 2620 eret,

234 2659 237 2663 ·
746 2638 776 2682 ut
796 2632 840 2697 qai
862 2632 971 2694 primurn
982 2631 1182 2695 ingrederentur
1193 2633 1280 2697 regio·

306 2687 461 2738 CARMEN
481 2686 584 2735 XXXI·
746 2721 804 2755 nem
817 2706 1126 2771 aliquem,udeanrveex
1140 2709 1281 2759 intervallo

210 2791 223 2836 1
243 2783 435 2846 Pmimulosnm]
463 2781 578 2842 Gaudet,
596 2784 708 2845 gratulu-
746 2791 948 2846 reverterentur,
965 2785 1085 2848 religiose
1099 2799 1162 2837 ,earn
1182 2787 1281 2835 saluta·

176 2869 270 2923 turque
293 2857 352 2919 sibi,
374 2872 389 2906 e
412 2855 533 2917 Bithynia
553 2855 580 2903 in
600 2857 708 2906 insulam
746 2867 822 2909 rent:
848 2859 936 2924 idque,
957 2860 1079 2924 quoniam
1101 2861 1195 2924 cuique
1222 2862 1280 2912 ioco

176 2936 329 2985 Sirrniouem
345 2945 477 2981 reversus.
510 2930 604 2979 Sirmio
622 2937 708 2980 autem
746 2950 819 2985 suum
832 2936 961 2999 quendum
973 2936 1076 2998 genium
1088 2950 1200 3000 praeesse
1211 2938 1282 2987 erhi-

174 3018 283 3075 putatur
293 3023 349 3059 esse
361 3008 387 3056 iu
399 3020 462 3070 agro
470 3007 624 3069 Veronensi,
632 3022 708 3070 quem
746 3010 900 3060 trabuntur:
919 3011 1006 3075 ituque
1022 3011 1193 3074 Pythagorici
1205 3013 1239 3062 ob
1252 3014 1280 3062 id

74 3149 77 3155 ,
174 3088 251 3135 hodie
263 3086 358 3135 Gordus
369 3085 454 3133 locum
467 3090 571 3132 vocant.
596 3081 637 3131 Ibi
649 3095 707 3145 pua·
745 3085 803 3133 eliis
815 3085 878 3134 ulios
890 3086 952 3137 loeis
970 3084 1157 3136 fortunatiores
1169 3101 1226 3136 ease
1239 3101 1281 3136 re·

175 3162 301 3211 sessiones
312 3161 403 3209 habuit
415 3159 545 3209 Catullus.
746 3159 854 3210 buntur:
882 3168 960 3227 prout
976 3160 1097 3210 videlicet
1115 3176 1174 3211 cum
1194 3163 1281 3226 cujus·

206 3241 222 3284 2
241 3235 331 3296 Ocella]
348 3236 444 3282 Locum
461 3234 529 3280 hunc
544 3246 644 3280 summu
655 3232 707 3280 ele·
744 3250 795 3300 que
806 3237 856 3286 loci
869 3237 945 3302 genio
962 3237 1088 3301 cujusque
1106 3238 1198 3301 genius
1217 3253 1281 3289 cou-

173 3311 262 3374 gantio
273 3313 371 3358 tractat
383 3308 478 3355 Petrus
488 3305 633 3367 Victorius,
644 3307 707 3354 Vnr.
744 3310 854 3360 veniret.
871 3313 967 3375 Virgil.
983 3312 1121 3377 ‘Ignarrrs,
1139 3315 1280 3376 geniumne

173 3388 247 3436 hert.
267 3384 312 3433 lib.
331 3396 371 3431 rx.
392 3395 450 3444 cup.
470 3379 707 3430 mendatiorum
745 3386 806 3442 loci,
823 3384 980 3435 famulumne
1010 3389 1127 3451 parentis
1147 3389 1211 3438 Esse
1230 3404 1280 3453 pn-

173 3459 436 3522 modoCytheronem
452 3463 566 3505 montem
585 3455 613 3504 iu
632 3456 707 3504 Phoe·
745 3458 802 3509 tet?
840 3460 926 3524 Idem,
953 3462 1022 3511 ‘Slc
1048 3462 1143 3512 deinde
1171 3462 1280 3527 effatus,

173 3538 248 3586 nissis
274 3534 414 3596 Euripides
440 3532 560 3582 ‘Dionae
588 3530 706 3580 oculum'
745 3534 1088 3600 imudeutitemporsromo
1105 3538 1237 3602 Implicot,
1250 3549 1280 3591 et

98 3674 103 3682 .
175 3613 311 3673 vocutset
325 3609 515 3674 upudeundem
527 3609 707 3660 Andromacha
744 3609 901 3675 geniumque
919 3612 978 3673 loci,
997 3613 1158 3679 primumque
1170 3613 1280 3665 deornm

173 3689 263 3750 filiurn,
287 3701 363 3754 quern
386 3702 400 3735 e
423 3686 525 3750 Pyrrho
545 3694 706 3750 susceperat,
743 3685 881 3747 Tellurem,
899 3687 1081 3750 nymphasque,
1100 3693 1128 3735 et
1145 3686 1229 3739 adhuc
1241 3689 1281 3754 ig-

174 3773 252 3813 vocat
263 3764 271 3791 ‘
282 3763 385 3811 oculum
397 3762 459 3810 vitoe
472 3759 543 3810 aum!
743 3765 807 3808 note
816 3767 938 3824 precatur
946 3760 1083 3810 Flumine!
1095 3760 1175 3810 Ouid.
1192 3764 1200 3793 ‘
1211 3764 1280 3815 Cad.

205 3843 220 3886 8
250 3839 354 3900 Uterque
373 3837 510 3898 Neptunus]
534 3835 611 3883 More
630 3849 706 3899 supe·
742 3835 968 3898 musagitgratea‚
979 3836 1176 3902 peregrinosque
1188 3843 1281 3892 osculo

173 3928 228 3962 rum
240 3921 267 3962 et
278 3911 389 3962 inferum
400 3909 540 3974 significat.
744 3916 823 3959 terrae
845 3910 926 3972 Figit,
951 3916 979 3958 et
998 3911 1101 3973 ignotos
1123 3919 1279 3980 montesque

205 3999 219 4040 5
242 3995 290 4042 Vix
308 3988 705 4055 miipsccredeus]Nun1,qoae
744 4001 872 4050 agrosque
889 3988 1003 4037 salutat!
1028 3990 1064 4037 Et
1083 3989 1188 4054 quidam
1206 3993 1278 4053 apud

173 4067 315 4130 nimiopere
335 4075 466 4130 optamus,
487 4062 638 4112 difficillime
650 4078 704 4113 cre·
745 4063 928 4124 Menandrum,
941 4061 1209 4126 >corpusque-,que
1219 4067 1277 4130 χρό.
1351 4090 1352 4094 =

174 4142 273 4191 dimus:
291 4143 351 4192 iude
363 4149 422 4191 sunt
443 4141 495 4203 illu,
513 4138 646 4189 ‘Teneon’
657 4153 705 4202 ego
743 4156 783 4187 νου
793 4138 884 4188 πολλοῦ
899 4141 923 4186 o’
935 4137 987 4186 ἰδὼν
1002 4137 1156 4199 'hundium
1175 4141 1209 4189 Et
1221 4156 1277 4191 ser-
