2752 4694
372 279 413 328 ru
438 278 603 328 caruem
627 277 782 328 cannen
808 280 908 330 xxn.
1124 269 1187 333 461

90 423 193 485 inopes,
210 425 238 470 et
253 419 374 484 famelici,
396 421 424 471 id
435 435 497 472 vero
512 420 620 471 indomi·
659 425 697 482 to,
711 420 790 470 laudo
799 421 921 486 equidem
929 421 1126 486 parsimoniam:
1139 424 1188 475 aad

659 495 750 555 miror,
773 497 834 559 quid
855 497 881 545 iu
902 498 948 545 ilia
963 497 1081 546 ebertula
1097 496 1187 562 fuerit,

124 577 156 621 12
173 573 239 620 Dum
248 572 302 621 licet
308 572 404 634 pudico]
422 571 622 634 Impudicosro·
659 570 727 634 quod
739 571 828 620 delere
839 572 974 621 maluerit:
986 572 1036 622 nisi
1048 571 1187 623 furtatum

89 647 336 710 cabant,quiparte
348 647 435 709 aliqua
452 645 621 709 corporisaui
659 644 800 696 formulas:
822 661 873 695 non
894 647 960 696 enirn
983 653 1047 710 puto
1066 653 1093 696 te
1114 663 1187 698 meas

90 723 199 771 alienam
217 721 352 770 libidinem
371 721 557 784 excepissent3
575 734 621 783 pu·
660 720 784 782 epistolas
803 719 900 780 delere,
929 727 958 769 ut
976 735 1085 784 reponas
1108 723 1185 771 tuaa.'

90 797 169 858 dicos,
188 796 232 860 qni
243 795 306 843 nihii
319 797 372 844 tale
391 794 507 859 perpessi
526 800 622 844 essent.
660 795 743 844 heus
755 801 840 844 auteur
857 795 901 844 ille
914 795 1047 845 Ciceronis
1059 798 1087 845 iu
1098 798 1188 861 vulga·

89 871 122 920 Iu
133 870 270 933 Priapeiis,
285 869 462 918 ‘Praedictum
473 869 521 918 tibi
533 883 566 917 ne
577 883 622 918 ne·
659 869 729 918 ribus
739 870 820 932 libris,
837 871 986 920 vocularum
998 871 1097 935 aliquot
1106 873 1187 923 iuter·

43 986 46 989 .
90 960 152 1008 gare
163 945 256 1007 possis,
272 944 300 992 Si
319 942 361 992 fur
379 946 491 1007 veneria,
510 945 620 1008 impudi-
659 945 755 1007 positu,
767 945 925 1008 depravatus
935 953 983 996 eat.

90 1018 214 1068 cusibis.’
246 1019 335 1068 Plaut.
346 1018 562 1084 Amphitu‘Ego
572 1021 621 1070 tibi
690 1020 932 1084 succcumbere]
952 1022 1005 1071 Ubi
1016 1023 1185 1072 carmiuailla

89 1094 165 1144 istam
176 1093 253 1143 bodie
270 1095 381 1144 sceleste
396 1097 562 1160 comprimam
574 1097 621 1145 iin-
659 1099 711 1142 tam
722 1093 870 1158 diligenter,
886 1102 991 1160 tamque
1002 1098 1134 1160 eleganter
1144 1112 1186 1146 or-

89 1185 174 1234 guam.
184 1170 210 1219 S.
216 1169 284 1218 baud
293 1175 378 1233 poter.
388 1171 461 1220 Bene
473 1171 621 1234 pudiceque
658 1176 719 1217 nata
730 1169 817 1232 legere
828 1171 943 1232 incipias.

88 1243 254 1294 asservatur?
286 1246 323 1293 nt
331 1245 439 1307 pudicas
456 1246 567 1308 virgines
578 1259 621 1294 vo·
693 1243 754 1291 'llam
768 1243 897 1304 brumille,
914 1249 937 1292 et
948 1244 1049 1293 rabaam
1059 1243 1185 1308 Suffenas]

89 1319 310 1382 eabaut,quarum
321 1334 396 1368 neura
409 1320 564 1383 pudicitiam
577 1321 620 1369 de·
658 1319 725 1367 Tum
736 1316 856 1368 Suffenus
866 1320 972 1383 ilie,qul
981 1326 1058 1370 antea
1068 1326 1122 1369 tana
1131 1320 1186 1369 bel·

87 1393 205 1442 libasset.
231 1393 320 1444 Plaut.
332 1395 497 1457 Curculione,
511 1396 620 1458 ‘jemna
658 1394 706 1454 lua,
720 1400 823 1457 tamque
834 1394 946 1443 urbanus
958 1394 1103 1444 ridebatur.

89 1464 186 1515 ecfert
199 1467 309 1529 jugum?
339 1469 402 1516 Tam
424 1483 440 1516 a
460 1482 502 1517 me
523 1469 621 1534 pudiea
699 1472 730 1516 10
750 1468 816 1517 Uaria
840 1468 1008 1531 caprimulgus,
1040 1474 1082 1518 urst
1102 1470 1185 1528 ferrar

89 1547 140 1602 est,
158 1542 230 1604 quasi
252 1555 324 1591 soror
343 1556 402 1591 mea
420 1543 478 1592 sits’
494 1550 522 1592 et
542 1544 619 1607 paula
657 1543 750 1590 Ram
759 1543 863 1606 atdairrr]
881 1542 923 1593 Ita
934 1544 1104 1608 ineleganter,
1116 1546 1185 1595 etii·

89 1622 158 1678 post,
172 1617 180 1643 ⁴
192 1615 229 1664 At
240 1617 285 1666 illa
295 1624 336 1665 est
348 1617 450 1681 pudica,
460 1633 546 1684 neque
557 1619 622 1679 dunt
656 1615 755 1678 lepidos
764 1630 853 1665 remur
863 1615 937 1666 facit.
1052 1672 1057 1681 ,

78 1691 193 1741 'cubitat
202 1707 260 1742 eum
273 1693 353 1742 viris.'
690 1695 720 1739 1³
737 1691 790 1740 Aut
799 1692 822 1739 ci
832 1693 889 1755 qaid
899 1692 943 1741 buc
952 1693 990 1754 re]
1009 1695 1106 1743 Facete
1115 1695 1184 1743 adbi·

128 1808 131 1814 .
656 1764 702 1814 bet
718 1767 757 1814 rei
777 1780 880 1829 nomen,
891 1768 964 1831 quasi
986 1783 1086 1818 scutras
1103 1769 1184 1818 bomi-

225 1817 377 1870 CARMEN
393 1821 483 1897 XXII·
656 1853 718 1888 num
728 1841 831 1888 nomine
842 1842 904 1891 ratis
922 1842 1011 1904 dignor
1030 1858 1082 1892 uon
1099 1851 1184 1907 putet.

122 1914 270 1977 idlaffeaus]
285 1916 619 1979 Vereor,ueFufeaamboc
655 1913 700 1962 Sic
731 1914 824 1964 Cicero
845 1917 953 1967 Verrem
981 1918 1182 1983 ‘importunum

89 1990 157 2050 loco,
170 2004 221 2038 nou
231 1989 365 2055 Suffenum,
382 1993 469 2055 legere
478 1998 616 2056 oporteat:
655 1988 768 2037 animal’
784 1997 870 2040 vocat.

88 2065 125 2111 sic
137 2064 203 2112 enim
216 2071 243 2112 et
254 2065 323 2127 apud
338 2066 438 2115 Livium
455 2081 503 2132 pro
521 2067 618 2127 Fufetio
689 2064 791 2127 Μὶν]
814 2066 909 2115 Insulae
920 2068 1010 2131 legunt
1020 2068 1063 2116 alii
1074 2068 1185 2117 tristius:

88 2140 166 2199 vulgo
177 2140 272 2201 legitur
282 2138 407 2201 Suffetius.
655 2139 681 2187 iu
700 2155 752 2203 quo
764 2141 807 2188 riui
819 2142 939 2204 equidem
951 2158 1002 2192 uon
1018 2144 1183 2192 mediocriter

121 2219 138 2262 2
159 2213 280 2275 Urbanus]
306 2214 406 2263 Urbani
417 2229 469 2264 non
485 2230 618 2280 nunquam
655 2220 683 2263 et
704 2214 884 2275 Parthenium,
906 2222 933 2265 et
951 2217 1110 2266 Guarinum:
1138 2219 1183 2281 qui

88 2289 221 2350 dicuutur,
248 2289 292 2352 qui
314 2289 399 2338 doctis
421 2290 498 2338 dietis
520 2290 618 2339 victum
655 2288 1001 2351 cumviderentinaeurras,
1017 2292 1132 2340 homines
1149 2293 1182 2341 ad

88 2369 263 2431 aucupantur,
281 2376 344 2426 quos
363 2372 391 2414 et
408 2364 440 2413 ab
459 2365 617 2416 assectaudis
653 2363 733 2412 risum
750 2362 845 2426 factos,
866 2366 936 2415 nullo
956 2366 1031 2415 ruodo
1051 2367 1181 2417 tristitiam

88 2438 213 2486 divitibus
236 2452 336 2487 scurras
358 2440 501 2490 vocabunt:
529 2442 616 2506 itaque
654 2439 801 2502 convenire,
832 2440 974 2505 tristesque
995 2442 1107 2492 homines
1128 2445 1182 2492 vul·

88 2512 181 2561 urbani
193 2527 287 2562 nomeu
297 2526 366 2577 aaepe
378 2515 456 2578 idem,
474 2516 543 2579 quod
556 2517 616 2565 ridi·
654 2513 710 2575 gati
726 2514 853 2564 Italorum
870 2516 959 2579 lingua
980 2518 1068 2566 vocari
1083 2518 1183 2568 scirent

89 2589 272 2650 culum,valet.
312 2590 407 2638 Horat.
425 2591 558 2652 ‘Meuius‚
577 2589 622 2651 ut,
653 2587 768 2637 homines
789 2604 907 2654 nequam,
938 2608 969 2641 ac
991 2594 1086 2642 nullius
1104 2593 1181 2643 bonae

90 2664 166 2712 rebus
178 2665 304 2714 maternis
314 2672 393 2729 atque
405 2666 520 2728 paternis
532 2666 616 2714 Furti·
653 2660 1000 2726 ff⁰812h⁰⁰¹⁰eorfr³⁸²5¹t⁸a
1027 2668 1096 2719 idem
1112 2669 1181 2732 l¹¹0d

90 2746 132 2788 ter
142 2740 292 2802 absumptis,
303 2741 415 2791 urbanus
426 2740 508 2802 eoepit
518 2739 617 2801 baberi,
653 2737 728 2798 pejus
736 2739 823 2787 valere
834 2740 964 2792 dixerunt.
987 2744 1086 2805 ineius,
1095 2745 1182 2807 legen·
1203 2763 1205 2767 ·

90 2816 185 2864 Scurra
196 2829 284 2876 vagus,
300 2829 352 2863 nou
369 2815 414 2878 qui
429 2820 528 2869 eertum
549 2828 616 2876 praa·
653 2810 714 2859 dum
725 2818 781 2872 est;
798 2828 944 2864 scurrarum
956 2819 1023 2866 enim
1034 2825 1083 2881 est,
1104 2821 1180 2868 tritos

91 2903 155 2952 sepe
181 2888 301 2938 teneret!
343 2889 431 2937 Plaut.
458 2888 617 2950 Trinummo,
653 2899 710 2934 esse.
730 2893 808 2950 atque
827 2892 983 2941 exercitatos
1005 2894 1032 2941 in
1051 2895 1119 2942 omni
1136 2909 1180 2957 ge-

86 2966 176 3014 ‘Nibil
187 2972 228 3014 est
239 2963 357 3028 profecta
367 2964 484 3026 stultius,
503 2978 552 3012 nee
564 2971 617 3013 sto·
653 2974 715 3008 uere
734 2976 820 3011 terum
838 2967 1005 3029 agendarum,
1025 2969 1180 3030 omninoque

88 3041 177 3101 lidius,
188 3041 281 3103 Neque
291 3039 521 3101 mendaciloquius,
532 3052 617 3102 neque
653 3035 759 3084 minime
770 3034 867 3099 fatuos,
888 3048 916 3087 ut
928 3041 972 3102 qui
983 3049 1010 3088 et
1022 3041 1070 3088 sibi
1090 3055 1123 3088 ex
1135 3042 1182 3089 ali·

88 3122 209 3177 argutum
220 3114 310 3176 magis,
331 3115 423 3178 Neque
440 3113 617 3162 confidentia.
654 3122 702 3157 ena
714 3107 834 3158 fatuitate
847 3112 942 3161 victum
953 3114 1181 3176 colligant,etom·

89 3190 174 3254 quius,
186 3204 270 3253 neque
281 3189 419 3252 perjuriua,
430 3189 515 3238 Quam
527 3186 618 3235 urbani
639 3181 729 3257 'nibus
756 3196 784 3231 se
806 3185 918 3232 omnium
948 3188 1060 3249 negociis
1087 3189 1182 3237 immis-

88 3265 185 3314 assidui
202 3265 282 3327 cives,
302 3277 365 3326 quos
385 3276 487 3310 scurras
505 3258 616 3310 vocant.'
653 3264 745 3306 ceant:
764 3264 793 3307 ut
814 3261 939 3322 preclare
959 3264 1083 3314 describit
1102 3266 1179 3315 Plau·

89 3340 144 3388 Cic.
155 3340 181 3387 iu
192 3339 292 3388 Bruto:
308 3338 366 3386 ‘'l'u
377 3337 493 3400 elegans,
509 3343 538 3385 tu
547 3337 616 3386 solus
653 3340 696 3383 tus
707 3349 738 3384 eo
752 3336 819 3400 ipso,
837 3353 913 3402 quem
923 3341 999 3402 paulo
1011 3349 1070 3391 aute
1088 3343 1179 3391 citavi·

88 3413 222 3465 urbanus!
652 3412 793 3472 mus,loeo.

120 3494 136 3539 3
153 3490 264 3552 Idemque
275 3490 344 3550 louge
360 3489 473 3552 piissimos
486 3488 551 3549 feeit
565 3504 616 3538 aer·
684 3493 715 3536 lb
733 3489 816 3550 Neque
827 3490 1011 3554 idemuaquam]
1028 3492 1103 3542 Beati
1111 3499 1180 3556 sunt,

86 3565 137 3628 aaa]
155 3565 276 3627 Propria,
286 3579 316 3613 ae
325 3572 529 3628 peueperpetua
539 3564 616 3612 malo·
652 3562 696 3626 qui
715 3577 760 3612 auo
776 3566 893 3615 contenti
905 3575 973 3616 suut.
1007 3568 1082 3618 Quod
1100 3568 1180 3630 igitur

89 3656 146 3688 rum
157 3639 291 3703 poetarum
302 3647 373 3689 nuta.
652 3639 699 3699 ait,
714 3652 843 3702 nunquam
854 3656 929 3705 aeque
938 3657 994 3691 asae
1006 3643 1109 3693 beatum
1119 3642 1180 3693 sif-

120 3721 135 3763 5
153 3714 206 3777 Sic]
224 3715 401 3777 Negligentet·
652 3710 750 3770 fenum.
762 3721 841 3778 atque
850 3731 909 3765 eum
919 3733 1008 3767 versus
1020 3717 1092 3781 lacit,
1103 3719 1180 3779 signi·

124 3793 158 3840 Ut
162 3789 210 3856 fit]
232 3791 270 3839 Ut
280 3790 337 3839 lieri
348 3791 424 3839 solet.
651 3785 853 3852 ficataidelicar,
863 3806 922 3842 eum
930 3808 1059 3857 nunquam
1067 3793 1115 3842 aibi
1127 3806 1178 3839 me·

120 3866 152 3914 Ia
170 3865 330 3928 palimpsesto]
370 3865 402 3913 In
423 3865 511 3914 cbarta
528 3863 617 3914 delati·
653 3863 692 3925 gis
703 3864 817 3928 plaeere,
827 3881 956 3931 nunquam
977 3868 1025 3916 sibi
1047 3865 1128 3927 magis
1139 3877 1178 3912 aa·

88 3941 139 4002 eia,
147 3939 173 3988 id
184 3945 234 4001 est,
242 3954 332 4004 exque
340 3939 453 3988 deletum
462 3946 502 3988 est
508 3939 616 4002 aliquid,
653 3938 783 3991 tisfacere.
816 3944 899 3992 Porro
908 3957 965 3991 cum
976 3939 1090 3990 omnibus
1101 3939 1126 3986 iu
1138 3952 1179 3986 re-

88 4024 121 4064 ut
141 4014 210 4064 aliud
232 4015 316 4063 deutra
339 4014 505 4063 scriberetur.
560 4015 616 4063 Cic.
652 4013 700 4064 bus
720 4029 809 4064 verum
831 4016 893 4064 illud
916 4022 965 4074 est,
986 4027 1060 4061 auum
1083 4013 1177 4076 cuique

89 4088 225 4152 Trebatio,
242 4090 328 4141 ‘Nam
341 4089 409 4154 quod
426 4090 452 4138 in
469 4089 616 4153 palimpsea·
652 4104 716 4153 optus
728 4092 847 4154 placere3
865 4097 917 4138 tum
941 4103 1064 4151 nusquam
1082 4090 1177 4151 verius,
