2752 4694
396 345 436 395 ru
461 346 625 396 curuum
650 346 807 394 cununn
833 347 913 396 uxr.
1136 327 1203 397 485

98 484 221 536 Homero
230 487 349 551 sumpsit,
358 487 427 553 apud
439 504 516 554 quem
529 489 635 553 lliysses
673 493 725 550 tur,
744 494 772 538 et
791 488 928 538 intereant.
971 486 1041 537 liinc
1061 494 1112 550 est,
1133 488 1203 552 quud

102 561 261 612 Nausicaam
278 570 374 614 tenerae
391 572 420 615 et
434 580 552 630 procera
572 567 636 614 assi·
673 564 777 625 AEneaa,
796 579 853 614 cum
872 564 1022 628 sangninem
1045 579 1078 614 ex
1101 564 1203 626 arbore,
1310 572 1313 578 '

102 635 176 686 milat
185 638 292 700 palmae:
308 638 382 689 lucua
398 646 449 702 est,
459 639 555 704 Odyaa.
568 641 584 690 Ι.
597 655 635 691 vr.
673 639 747 702 cujus
757 639 814 703 ipsa
832 652 916 688 ramus
926 640 1051 701 vulserat,
1060 639 1203 690 stillantem

104 711 178 774 Δήλῳ
207 711 294 772 δήποτε
316 717 380 764 τοῖον
404 713 551 765 ’Λπόλλωνος
573 715 637 779 παρὰ
671 714 790 779 vidisset,
806 715 974 780 nympharum
987 731 1078 780 pacem
1097 717 1205 780 petiisse

104 793 177 854 flupqi
194 791 298 843 Φοίνικος
322 791 375 843 νέον
391 791 454 858 ἔρνος
480 793 637 858 ἀνερχόμενον
672 807 702 842 ae
712 793 760 856 ait,
772 793 871 842 ucrltna
879 792 1008 855 nimirum,
1017 807 1050 842 ne
1061 808 1150 843 earum
1158 784 1206 843 ali'·

102 865 207 927 binus:
232 869 313 918 unca
327 868 434 932 equidm
448 874 528 919 tenero
538 884 637 930 mrgea·
672 883 750 934 quam
760 869 787 917 ln
799 869 892 918 arbore
901 869 1019 918 laesisset.
1051 869 1207 920 Eudemia·

102 945 377 1010 tessgsrrua'aepulmum
384 946 637 1009 Delisli,Pboebiuste
673 943 776 993 terdurn
788 950 816 994 et
833 942 947 993 Naiadas
963 941 1095 992 dicuntur.
1126 943 1206 995 ortu.

103 1021 392 1084 «convinceremur.
672 1019 792 1070 ‘Naiada
800 1019 948 1069 vulneribus
960 1017 1207 1067 succiditinsrbura

137 1098 279 1161 tanqum
288 1097 362 1159 Asia]
388 1096 464 1150 Qnud
477 1096 637 1148 uidelicetin
673 1093 768 1145 factisr
805 1096 856 1144 llla
880 1094 965 1159 perit;
987 1091 1070 1143 fetum
1091 1091 1207 1143 Naiadas

104 1172 178 1235 Auia,
190 1178 298 1235 propter
306 1172 417 1236 regionis
428 1173 549 1236 calorem,
560 1173 638 1224 arbor
674 1171 753 1220 arbor
763 1170 841 1220 erat?

103 1247 161 1297 lime
188 1244 336 1297 felicissime
359 1248 504 1310 proveniat.
544 1236 637 1313 Neque
706 1251 738 1297 25
762 1247 884 1296 Nutriant
904 1244 1012 1308 bernero]
1049 1244 1207 1309 spondaeum

103 1321 234 1387 estquod
250 1337 396 1388 quenquam
412 1331 517 1374 moveat
531 1324 637 1388 syllabae
675 1336 723 1387 pru
734 1322 851 1384 Dactylu
862 1321 957 1384 posuit,
972 1326 1083 1386 ntsape
1093 1335 1171 1384 snpra
1181 1320 1209 1370 in

103 1397 215 1447 mudnsr
243 1397 280 1447 sic
298 1397 406 1449 Homer.
425 1398 457 1448 ll.
474 1405 502 1451 Β.
524 1399 597 1462 Ἀσίῳ
613 1400 639 1450 b
675 1397 838 1447 Pbuleuclis:
854 1395 1035 1461 infraquuqne
1052 1392 1210 1447 inCarmlne

103 1473 640 1540 annusqltcturpioubppipistpasicblaru,
674 1473 710 1524 da
726 1473 785 1524 Atti
803 1489 873 1539 soepc
888 1475 992 1535 longam
1010 1487 1087 1522 unam
1108 1473 1208 1523 duabus

106 1551 157 1600 ‘et
178 1564 238 1615 qua
258 1549 323 1601 Asia
342 1551 440 1601 circum
461 1551 590 1601 Dulcibus
612 1552 638 1601 in
675 1551 901 1603 brevibusmutat'.
920 1553 969 1602 Est
981 1553 1210 1603 antembuecvers

105 1626 188 1691 pratia
209 1625 335 1676 rimantur
351 1633 444 1691 stagna
462 1628 566 1692 Caystri
575 1626 591 1678 :'
611 1634 640 1679 et
675 1627 829 1679 Aldinurum
851 1629 1110 1692 Grypbiauorumque
1131 1627 1208 1678 codd.

106 1702 180 1765 aiibi,
206 1702 300 1752 ‘sunm
318 1703 409 1765 amnis,
431 1711 460 1752 et
481 1703 544 1755 Auia
563 1704 638 1768 louge
676 1706 815 1773 scriptura,
830 1719 906 1770 quam
923 1704 1078 1754 ailitemera
1091 1702 1211 1768 repudia·

105 1777 189 1827 Pulsa
207 1776 300 1841 palus!
337 1778 390 1840 Sic,
408 1792 468 1828 cnm
488 1778 589 1829 Arabes
611 1785 640 1829 et
677 1788 747 1833 runt.

105 1851 189 1902 ltalos
214 1851 296 1915 prima
322 1859 445 1916 correpta
462 1854 640 1914 ennucicrnus,
708 1863 741 1908 tt
771 1857 877 1921 lbespiu
903 1857 980 1921 Rupis
1006 1856 1096 1908 Aesius
1117 1853 1211 1920 murat]

106 1928 235 1980 Arabiam
252 1934 281 1979 et
295 1929 397 1979 ltaliam
415 1930 497 1993 prima
513 1930 640 1994 preducta
677 1934 832 1984 Heliconem
842 1934 925 1996 ipsnm
937 1934 1011 1984 dicit.

105 2005 227 2055 dicimus.
254 2005 365 2055 Biennio
375 2004 441 2067 fere,
453 2013 589 2072 postquam
597 2006 639 2056 lric
708 2015 743 2060 Ἃ)
760 2009 884 2074 Nprnpbu]
909 2009 1028 2059 llaecst
1043 2005 1212 2068 vetusscrip·

106 2081 308 2131 commentarius
340 2081 449 2144 primum
481 2082 566 2131 editus
588 2088 640 2144 est,
677 2090 754 2134 tura:
783 2089 829 2133 ant
850 2083 930 2146 igitur
951 2082 1106 2144 Aganippen
1129 2080 1211 2143 ipram

106 2157 213 2220 scripsit
224 2156 256 2206 ad
268 2171 310 2206 me
321 2158 402 2206 Roma
411 2157 552 2219 Dionysius
565 2158 640 2205 Lam·
678 2159 817 2222 nympham
834 2163 927 2218 vucat3
945 2164 990 2205 aut
1007 2155 1144 2219 nympham
1162 2169 1211 2217 pro

107 2233 192 2289 binus,
203 2233 279 2282 humo
286 2231 347 2281 mibi
357 2236 386 2281 et
392 2238 504 2295 propter
514 2231 640 2281 doctrina
678 2235 773 2297 lympbu
786 2245 856 2281 mure
869 2236 984 2280 veterum
993 2230 1075 2278 dixit:
1093 2229 1131 2277 sie
1143 2229 1212 2278 enim

107 2307 290 2374 prestantium
304 2313 333 2357 et
349 2313 458 2370 propter
476 2307 641 2356 suavissimus
677 2315 707 2356 et
735 2306 804 2370 apud
831 2305 968 2367 Virgilium
992 2303 1089 2353 eruditi
1114 2303 1212 2366 legunt,

107 2397 195 2439 mores
203 2383 296 2433 eximie
304 2397 449 2446 carus,esse
457 2381 641 2445 illicquuadam
678 2383 839 2443 Dustfumuls'
849 2380 955 2430 muribus
963 2381 1085 2443 nymphus.

108 2458 227 2510 homines
238 2457 364 2521 eruditus,
376 2458 489 2523 quicum
506 2457 641 2522 ceteroqui
710 2463 742 2509 al
754 2458 893 2520 Dominum]
914 2456 959 2507 lta
971 2455 1211 2519 menbrorumque

107 2531 299 2600 perhonorifice
320 2533 354 2583 da
375 2548 418 2583 me
436 2533 574 2594 sentirent,
593 2533 642 2582 buc
678 2535 870 2586 conveniebant
906 2533 933 2582 in
966 2546 1079 2594 rnaunm,
1106 2530 1133 2579 id
1160 2536 1213 2588 eat,

110 2612 168 2661 Ιοοο
186 2608 347 2672 diligentiam
364 2623 447 2661 meam
469 2610 643 2674 requirerent,
678 2610 905 2662 matresfamilias:
923 2609 984 2659 ride
1002 2609 1124 2658 Nonium.
1157 2605 1211 2657 Seu

110 2688 156 2752 qni
176 2687 208 2737 ab
230 2684 294 2735 Asia
315 2685 431 2749 regione,
455 2701 505 2736 nun
526 2688 559 2737 ab
580 2686 643 2736 Aria
679 2686 1211 2754 etpatresiamillaa‚duminivucabantur.

111 2761 218 2825 palude,
238 2760 327 2812 Asiam
347 2770 461 2826 myrtum
480 2762 531 2812 dici
555 2770 644 2827 putas·
680 2767 718 2816 Μ.
737 2766 836 2814 Brutus
861 2764 896 2814 da
917 2762 1021 2825 Officio,
1043 2762 1122 2826 (citat
1140 2761 1213 2810 Pria·

110 2853 176 2900 sem,
194 2852 278 2903 neque
294 2839 385 2887 saltern
401 2852 433 2887 ea
445 2834 574 2901 vidissem,
585 2853 643 2903 quae
679 2839 782 2905 cianus)
807 2838 920 2903 ‘ltaque
947 2836 1142 2903 patresfamiliae
1168 2836 1214 2887 du·

110 2915 160 2965 bae
182 2912 216 2964 de
241 2927 269 2962 re
291 2914 437 2977 pervulgati
459 2913 594 2963 Homerici
615 2920 644 2964 ut
680 2919 742 2968 mini
770 2916 873 2967 sumna'
906 2915 1046 2966 Terentina
1066 2914 1213 2963 Heautout.

112 2989 249 3054 virgiliani
274 2989 438 3053 Interpretes
468 2989 644 3040 tradidissent.
679 2993 816 3055 ⁴domina,
831 3004 894 3055 erpo
911 2991 989 3040 herus
1009 2990 1101 3037 damno
1122 2994 1214 3037 anctus

112 3079 162 3130 ego
173 3064 342 3130 auteur,'qnud
354 3065 387 3114 de
394 3080 436 3115 me
446 3065 513 3116 benc
523 3067 644 3124 sentiant,
680 3068 740 3119 est!
772 3087 776 3093 ·

111 3140 223 3203 gratiam
231 3139 329 3190 babeo:
348 3139 418 3204 quud
426 3141 532 3203 me,boc
541 3140 645 3205 quide
714 3148 747 3195 st
769 3138 975 3202 Utresoceuero]
1006 3135 1173 3200 Comparatio
1187 3143 1216 3187 et

112 3216 182 3278 lucu,
208 3215 411 3279 reprehendant,
436 3214 526 3265 facere
551 3215 646 3279 injmte
683 3219 826 3284 aptissima,
852 3220 881 3265 et
902 3213 1080 3264 usitatissima.
1112 3213 1216 3276 Festua,

114 3299 195 3355 puto:
211 3305 270 3341 nam
293 3293 362 3341 illum
382 3291 462 3355 ipram
480 3290 601 3355 paludem
619 3291 645 3341 in
682 3295 791 3346 ‘Edere
802 3290 1159 3355 uincit,adquu‹leunqnese
1170 3304 1216 3352 ap·

113 3366 178 3418 Asia
196 3382 254 3417 esse
273 3373 390 3418 cunstat:
409 3364 437 3417 ei
457 3373 559 3430 pratum
581 3367 646 3416 illud
682 3373 779 3436 plicat:
802 3370 913 3433 ideoque
938 3381 995 3416 earn
1022 3364 1116 3416 flamini
1144 3365 1216 3416 Diali

116 3442 216 3505 Auium,
234 3450 264 3493 ut
282 3459 332 3493 nun
352 3443 415 3493 nulli
433 3458 448 3491 a
466 3444 569 3493 numine
584 3442 646 3506 dun,
683 3461 769 3512 neque
790 3452 907 3508 tangere,
925 3457 1010 3507 neque
1028 3443 1159 3491 nominare
1175 3441 1216 3490 t'as

114 3518 158 3568 alii
174 3519 207 3569 ab
226 3520 305 3570 beroe
322 3520 434 3585 quodam
446 3519 518 3582 Asia,
535 3521 572 3571 ita
587 3527 647 3571 aunt
683 3528 751 3574 erat.
767 3520 818 3569 Sed
827 3519 948 3569 annulum
959 3516 1063 3582 quidem
1073 3519 1098 3566 ei
1112 3523 1216 3580 gestare
1307 3572 1312 3579 1

107 3594 160 3658 ¹qui
178 3610 193 3643 a
210 3601 281 3645 terra
292 3595 354 3645 Aria
369 3595 526 3646 nominatum
543 3596 648 3659 opinen·
684 3596 794 3648 solidum
811 3594 917 3653 licebat,
930 3601 975 3642 ant
992 3593 1104 3656 aliquem
1121 3592 1217 3641 habere

114 3677 175 3720 tur:
195 3671 273 3737 idque
285 3678 312 3720 et
324 3671 474 3721 Eustatlrius
485 3678 604 3731 tentatur,
618 3679 647 3722 et
684 3673 711 3723 in
724 3688 751 3724 se
760 3670 873 3721 nudum!

115 3747 147 3810 is,
162 3748 238 3810 cnjus
256 3753 318 3797 suut
332 3747 437 3797 Scholia
451 3747 477 3796 in
496 3747 647 3797 Humerum.
716 3752 749 3798 tu
761 3746 880 3810 lotape]
895 3745 1019 3809 Intacta,
1029 3740 1218 3808 innumerata·

114 3825 166 3876 Eat
185 3830 272 3875 autern
287 3822 350 3874 mibi
367 3839 478 3890 quoque,
495 3822 545 3872 nisi
563 3823 648 3887 tollor,
683 3839 733 3886 per.
1186 3853 1192 3867 .

116 3899 468 3961 liberum‚insententiarnm
477 3899 647 3963 varietate‚id
717 3903 749 3949 37
762 3897 959 3954 Quibusuduem't
969 3889 1091 3952 Perdice]
1108 3890 1218 3954 Quibuq

116 3976 200 4041 aequi,
224 3975 295 4042 qnod
322 3977 433 4027 maxime
457 3975 591 4040 probabile
613 3976 650 4026 ui·
685 3975 837 4038 unucuique
854 3978 983 4034 tempure,
997 3965 1219 4017 eademobeunda

117 4051 247 4103 dautur..
686 4056 857 4100 eruntsacra.
908 4071 910 4074 ·

151 4131 183 4177 28
212 4126 405 4201 Hamadryades]
455 4128 584 4193 Nympha
611 4129 650 4180 ita
719 4130 752 4177 88
774 4126 808 4174 1ae
819 4118 922 4182 mura]
944 4114 1217 4182 Cuncinneffltm

118 4202 208 4268 dicte,
218 4203 288 4269 quod
298 4204 535 4257 cumarburibnsat
543 4219 651 4259 naucau·
686 4201 731 4255 Sic
741 4197 819 4262 inira,
834 4195 908 4257 ⁴1te,
916 4191 1047 4246 concinite
1057 4193 1083 4245 in
1094 4192 1217 4247 nouum?
