2752 4694
424 290 465 342 m
488 293 652 347 osanam
691 295 849 348 csesseu
873 299 992 349 exva·
1181 287 1246 354 6⁰9

143 437 236 485 ciant:
247 436 276 509 si
287 434 344 502 quis
359 438 402 486 vel
418 435 521 500 iugenio
538 439 579 487 vel
591 437 676 488 emdi·
715 452 765 490 nou
777 441 863 505 capio,
880 450 1003 507 qnantum
1018 442 1134 495 dolorem
1151 458 1184 496 ex
1203 461 1245 511 eo,

143 513 217 563 tione
228 512 327 577 majore
337 513 490 575 instructus,
505 513 572 578 qnod
584 513 676 564 facilli·
713 514 782 582 qnod
793 517 892 568 haerere
908 520 1016 583 amplius
1033 521 1060 571 ln
1075 521 1186 574 domium
1203 539 1246 575 ca·

137 610 216 646 mum
227 601 276 658 est,
289 597 332 646 vel
346 597 465 647 meliores
479 597 560 647 lihros
574 603 676 661 unetos,
715 592 769 656 plte
780 607 832 643 non
843 608 955 658 possum.
1043 624 1048 635 ·

141 672 248 722 veriora
265 674 412 737 protulerit,
433 673 591 737 gratulabor.
623 672 677 723 Pe·
746 678 777 723 71
805 675 870 740 Rocs
895 673 948 737 tan]
983 675 1051 725 Quia
1080 676 1245 740 arrogantius

142 761 235 812 gasnm
270 747 384 814 quidem,
417 762 525 799 excusso
560 748 676 799 Bellero·
714 749 795 800 videri
813 756 924 815 poterat,
939 749 1008 815 qnod
1024 750 1244 817 dimiseratis

141 823 251 888 phonte,
261 823 369 876 Aurorae
381 839 396 875 a
411 826 479 877 Jove
493 824 561 873 donn
577 823 676 886 datum,
713 840 764 876 uou
775 826 841 876 tanti
853 825 940 876 iacere
952 825 1064 876 siderum
1076 829 1244 894 consortium,

141 906 234 949 narrat
244 900 379 965 Interpres
395 900 504 950 Homeri
520 900 545 948 in
563 898 595 949 Il.
611 905 636 949 z.
653 899 675 950 sl
712 909 805 953 utnon
815 901 1244 968 malletadhncindominacapita

140 976 204 1042 qnid
214 971 265 1028 hoe
279 976 350 1028 forte
360 977 393 1026 'ad
403 991 457 1027 rem
475 975 557 1026 facit:
575 977 673 1027 etenim
712 978 826 1029 haerere:
850 978 948 1029 idcireo
966 979 1038 1043 prins
1059 978 1183 1029 Nemesin
1199 979 1244 1030 de·

140 1053 169 1101 in
192 1058 246 1103 tam
268 1052 413 1118 depravato
433 1052 500 1115 loco,
521 1052 589 1102 haud
612 1066 673 1103 sane
712 1060 843 1118 praeatus.

140 1126 608 1192 video,quaviaiusister'eoporteat
744 1134 776 1180 'lt
794 1131 928 1180 Noscisne
940 1128 1048 1192 infestis]
1074 1128 1134 1179 Non
1152 1127 1174 1177 si
1193 1129 1243 1178 sei·

173 1209 207 1256 il
223 1204 374 1270 Zephyritis]
390 1205 516 1255 Chloris(
711 1218 765 1254 rem
786 1202 854 1265 fore,
874 1210 905 1255 nt
931 1218 982 1266 me,
1010 1204 1044 1254 ob
1064 1205 1112 1253 hoe
1132 1203 1242 1268 dmtusn,

68 1280 71 1286 '
173 1281 314 1346 Fanniam]
328 1280 534 1346 Equumipsum.
711 1279 1138 1351 sideraiodignatadlscerpereut.

173 1358 207 1406 78
224 1355 306 1405 Grato
328 1354 464 1419 cmmoeis]
492 1354 545 1404 Hie
570 1368 672 1420 quoque
742 1362 774 1408 ‘ll
790 1357 916 1420 Evolvam]
945 1355 1079 1407 Diseresis.

137 1445 230 1483 versas
237 1430 360 1496 OEdipam
374 1428 671 1496 qnempiamdesiderat.
741 1439 773 1486 77
792 1434 969 1498 Qalcomege]
989 1435 1054 1486 Qum
1065 1447 1116 1497 me,
1125 1432 1241 1498 quandia

141 1507 210 1558 Nam
229 1507 299 1572 qnod
317 1506 433 1558 nonnulli
451 1507 484 1555 de
501 1506 605 1556 Venere
622 1506 671 1556 hoe
709 1511 782 1575 virgo
792 1510 852 1573 fnit,
866 1509 954 1560 multis
965 1515 1153 1573 unguentorum
1163 1508 1240 1558 milli·

137 1583 298 1648 intelligunt,
311 1597 369 1648 quaa
385 1582 413 1631 in
431 1580 544 1646 AEgypto
560 1581 671 1644 eolatpr,
709 1585 756 1636 hus
767 1586 898 1651 perunxit.

137 1658 278 1710 manifesto
288 1660 398 1709 alienum
409 1663 459 1708 est.
742 1661 857 1711 omnihus
876 1659 971 1725 expers]
1002 1658 1126 1708 Intacta:
1155 1671 1242 1720 expers

154 1739 205 1784 '⁴69
228 1734 336 1798 Scilicet]
370 1734 509 1796 Nimirum,
534 1746 568 1782 na
592 1747 670 1783 nuum
708 1742 794 1787 antem
816 1751 874 1787 cnm
904 1741 979 1786 sesto
1005 1749 1067 1785 casu
1095 1733 1239 1798 conjunxit,

138 1810 325 1860 tantumsidus
336 1815 404 1860 esset
418 1809 444 1858 iu
461 1808 537 1870 caelo,
550 1823 564 1857 e
576 1810 669 1872 puellm
707 1826 778 1862 more
793 1819 919 1863 veterum.
936 1811 1024 1863 Plant.
1049 1810 1108 1860 ‘Eo
1124 1815 1151 1860 te
1167 1822 1239 1859 mosa

136 1885 299 1949 temporibus
322 1884 484 1948 decerptum,
512 1898 605 1947 nempe
625 1898 669 1935 co·
707 1895 842 1952 expertem
864 1888 961 1938 factam
981 1886 1121 1937 adveniens
1141 1883 1239 1935 offendi

136 1975 202 2012 rona
214 1961 360 2012 Ariadnes:
377 1960 423 2011 sed
437 1975 485 2024 ego
496 1974 597 2026 qnoque
609 1975 669 2010 enm
707 1962 829 2014 domum!
856 1963 940 2025 Idem,
967 1963 1025 2013 ‘Ea
1045 1976 1086 2011 res
1101 1976 1143 2012 me
1161 1961 1238 2012 doma

136 2047 415 2101 nnmerumaugerem.
707 2036 934 2102 expertemfacit!

169 2117 203 2163 ut
224 2113 350 2164 Uoidslnm
371 2129 387 2163 n
407 2112 483 2178 fleta]
517 2110 669 2163 hladentem
738 2120 771 2165 79
788 2115 859 2164 Nunc
873 2114 924 2178 eos]
952 2113 1041 2164 Novas
1059 2119 1155 2176 nuptas
1171 2116 1238 2175 orat,

134 2188 268 2254 lacrymis,
282 2205 356 2255 quas,
373 2190 443 2254 quod
461 2204 477 2237 a
488 2189 578 2251 regina
588 2187 669 2238 divel·
706 2194 735 2238 nt
745 2202 778 2238 ne
790 2196 851 2238 ante
862 2187 1014 2250 conjugibus
1025 2186 1125 2235 iaciant
1136 2185 1237 2248 copiam

134 2264 215 2323 leret,
226 2262 400 2327 profuderam.
706 2263 756 2324 sui,
767 2277 853 2326 qnam,
863 2263 888 2310 in
898 2261 978 2324 ipsios
991 2261 1122 2322 honorem,
1133 2266 1238 2323 purtem

168 2339 211 2405 ild
221 2339 307 2402 templu
317 2337 397 2402 mum]
415 2338 447 2388 Iu
458 2340 559 2388 eaelum.
707 2338 832 2400 unguenti
844 2336 954 2402 aliquam
966 2334 1114 2385 libaverint.
1142 2333 1236 2384 Libere

162 2417 202 2462 'dli
225 2413 257 2463 la
277 2415 392 2479 antiquis]
422 2414 496 2465 Inter
514 2415 619 2481 antiqua
635 2417 669 2466 si·
705 2409 1237 2473 nutemhievaletspurgere3at,‘Dixit,
1284 2422 1288 2427 ·

133 2489 209 2540 dero.
705 2495 733 2539 et
745 2485 1239 2538 inmensolatinnmlihavlthooorema'

171 2563 252 2626 Dino]
270 2565 367 2615 Venus.
737 2569 769 2614 82
790 2564 874 2628 Ospa]
906 2563 959 2614 Vas
981 2561 1180 2626 unguentarium
1202 2576 1236 2611 es

168 2643 200 2690 dd
212 2639 342 2706 Verginia]
363 2640 447 2692 Quam
466 2640 510 2690 alii
527 2642 668 2705 Erigonen,
705 2642 805 2706 onyche
817 2655 925 2705 gemma.

133 2713 180 2763 alii
202 2712 330 2764 Astraeum
352 2730 409 2765 esse
431 2716 530 2766 dicunt.
563 2716 668 2766 Iudicat
704 2765 708 2771 ,
736 2720 769 2766 87
786 2715 926 2779 Sicnmgis]
949 2712 992 2764 sie
1008 2713 1090 2777 magis
1107 2728 1138 2763 ac
1154 2713 1235 2777 magis

134 2795 224 2838 antem
242 2789 336 2850 locum,
355 2804 405 2854 quo
420 2792 507 2854 posita
524 2797 565 2840 est
584 2806 667 2854 coma,
704 2791 730 2839 in
748 2791 802 2840 dies
819 2792 967 2841 vobiscum
985 2790 1047 2840 viris
1065 2790 1158 2838 restris
1174 2802 1236 2838 con·-

134 2865 329 2914 enumeratione
340 2865 481 2916 vicinorum
492 2865 615 2917 siderum.
704 2865 809 2926 veniat3
835 2865 969 2931 magisque
997 2863 1100 2914 assidue
1123 2863 1235 2915 invicem

167 2944 201 2989 dd
227 2937 327 2990 Callisto
345 2940 431 3002 juncta
452 2940 589 3005 Lycaoniae]
623 2941 666 2992 Ad
703 2941 803 2991 ametis.

135 3016 240 3081 Ursam,
259 3016 285 3065 in
306 3032 383 3081 qoam
401 3031 475 3066 versa
497 3023 538 3066 est
559 3017 666 3067 Callisto
735 3021 769 3066 89
786 3018 823 3067 Ta
834 3014 993 3077 scroeegiuo]
1014 3011 1127 3063 Tandem
1144 3013 1178 3061 ad
1195 3027 1235 3062 re·

135 3090 261 3155 Lycaonis
278 3091 347 3153 filia;
371 3092 420 3143 hoe
439 3099 526 3142 autem
546 3091 616 3142 sidus
639 3099 667 3143 et
703 3092 788 3155 ginam
810 3107 838 3142 se
858 3090 1005 3149 convertit3
1032 3086 1183 3151 suadetque,
1204 3093 1236 3139 nt

134 3167 279 3230 planstrum
297 3183 406 3234 quoque,
420 3175 448 3219 et
458 3175 557 3233 septem
569 3169 665 3218 triones
703 3182 754 3216 non
766 3167 856 3216 ociosis
868 3181 898 3216 ac
909 3164 1026 3215 inanibus
1040 3162 1116 3225 votis,
1127 3163 1171 3212 sed
1185 3163 1235 3212 lar·

135 3250 240 3295 vocant.
272 3246 355 3296 Porro
370 3246 499 3297 Proculus
516 3258 619 3310 quoque
632 3246 665 3295 ad
704 3242 743 3305 gis
759 3242 907 3292 muneribus
922 3240 1037 3290 uddoeat
1051 3239 1189 3305 Venerem,
1203 3245 1235 3291 nt

133 3317 213 3369 finem
224 3318 349 3385 Spharae,
358 3336 457 3372 comam
469 3330 587 3371 numerat
597 3321 667 3371 inter
703 3332 732 3366 se
743 3333 758 3368 e
770 3319 833 3369 eaelo
845 3332 944 3368 rursum
956 3316 982 3367 iu
994 3323 1107 3380 caput,u
1121 3331 1172 3382 quo
1190 3317 1235 3367 ab·

133 3395 208 3458 signa
218 3395 251 3446 ad
261 3405 363 3461 septem
376 3398 471 3447 triones
481 3396 622 3460 vergendo.
702 3395 780 3444 scissa
791 3394 887 3457 iuerat,
897 3394 983 3444 redire
994 3392 1119 3457 patiatur.

167 3475 199 3521 d'l
225 3472 329 3536 Booten]
361 3473 413 3525 Qui
435 3477 464 3523 et
487 3470 617 3521 Arcturus
639 3476 667 3519 et
734 3475 768 3520 90
787 3471 865 3520 Fertis
876 3470 1013 3534 luminibus]
1033 3469 1132 3520 Diebus
1144 3467 1226 3524 festis.

134 3545 315 3610 Arctophylax
331 3547 442 3598 dicitur:
460 3546 564 3597 tardum
580 3553 667 3596 autem
740 3546 851 3596 Venerem
862 3543 1128 3612 Suugaishenpertem]
1150 3545 1234 3596 Vene-

134 3623 298 3687 vocat,qnod
310 3639 369 3673 sero
380 3613 515 3673 admodum
527 3622 638 3672 occidat.
703 3637 757 3671 rem
775 3620 911 3685 Paphiam,
929 3621 1001 3684 cajus
1021 3635 1091 3671 aram
1108 3621 1233 3684 sangnine

167 3703 200 3748 ou
218 3697 266 3749 Sed
283 3700 423 3764 mosomum]
449 3699 610 3762 Quanquam,
629 3697 668 3746 iu·
702 3697 825 3746 maculari
837 3695 909 3745 nefas
921 3701 992 3746 erat:
1009 3694 1098 3762 itaque
1109 3703 1166 3746 tora
1178 3703 1234 3746 tan·

121 3776 203 3837 quit,
214 3788 272 3823 eum
284 3775 405 3825 honorem
422 3780 542 3839 assecuta
557 3787 622 3836 snm,
637 3779 666 3823 ut
703 3780 758 3822 tum
787 3772 812 3822 ei
840 3771 995 3837 floribusque
1016 3771 1105 3821 fiebat.
1140 3771 1233 3832 Virgil.

134 3855 216 3903 noctu
239 3851 341 3914 quidem
364 3849 476 3915 vestigia
496 3863 538 3900 me
559 3850 666 3899 deorum
702 3848 783 3912 ‘Ipsa
801 3848 919 3912 Paphum
936 3846 1049 3897 sublimis
1066 3846 1129 3906 abit,
1146 3845 1233 3892 sedes·

135 3924 203 3973 eaelo
212 3923 386 3975 incedentium
401 3931 536 3988 premaut;
552 3923 665 3974 interdiu
702 3938 752 3989 que
764 3924 854 3973 revisit
870 3924 944 3972 Laeta
962 3936 1030 3981 suas,
1048 3919 1092 3968 ubi
1108 3919 1236 3995 templum·

134 4005 233 4061 autem,
252 4013 304 4048 nna
323 4014 381 4049 cum
398 3999 493 4048 eeteris
511 3999 602 4064 stellis,
617 3999 666 4048 Te·
702 3998 740 4048 illi
761 4005 915 4063 centumque
944 3994 1035 4045 Sabaeo
1056 3995 1124 4042 'l'nre
1146 3994 1234 4044 calent

135 4074 211 4136 thyos
221 4075 328 4138 gremio,
346 4075 371 4122 id
387 4080 437 4134 est,
452 4075 516 4123 mari
532 4074 663 4137 excipiar:
704 4089 765 4138 arae,
773 4074 902 4139 sertisque
913 4068 1059 4119 recentibus
1068 4068 1175 4117 halant!

135 4156 223 4198 tamen
234 4149 353 4199 laetitiam
371 4164 404 4198 ex
421 4149 459 4199 his
475 4149 552 4199 rebus
566 4155 664 4199 tantam
734 4153 766 4198 98
786 4149 883 4198 Ulmum
890 4143 1103 4209 comoregiustotu]
1119 4144 1232 4211 Utinam,
