2752 4694
188 280 253 351 482
437 297 474 343 u.
498 293 534 349 s,
557 294 704 347 uorsus
731 295 1036 348 couirnurrurus

190 435 356 500 untes,nein
368 435 721 501 Cemmtrolebeuqap·
758 452 800 489 res
820 439 941 504 urbanas,
963 438 1022 489 hnic
1043 441 1160 489 ceteram
1179 439 1290 503 Cretam

189 515 330 578 pellerent,
342 510 518 578 prohibuerit:
534 514 589 577 ejuu
601 514 668 565 elib.
680 529 720 571 tv,
757 528 826 563 cnrae
847 512 934 580 fnisse.
966 514 1056 563 Tolum
1074 514 1163 579 itaque
1182 517 1288 569 solitum

188 590 246 639 itaec
262 599 336 640 sunt:
352 588 411 639 τοὺς
421 587 445 638 δὲ
455 587 536 639 Τέλων
546 587 667 652 χάλκειος,
675 589 721 641 iuri
757 597 799 639 ter
810 590 946 655 quotannis
957 589 1030 640 obire
1048 605 1136 640 ontnes
1154 591 1287 642 Cretensis

189 666 303 729 στιβαροῦ
318 663 444 715 σκοπέλοιο
458 664 614 726 ‘emmeram
626 664 721 731 stirpes,
756 666 811 728 egri
822 680 910 728 pagos,
924 663 1051 714 serentem
1068 678 1155 714 secum
1172 666 1245 729 leges
1260 667 1288 717 in

119 776 123 785 .
189 738 253 804 είρρε
274 740 340 803 χθονί
365 741 474 804 πείσματ’
492 741 587 806 ἀνάψαι,
608 740 721 802 Διιοναίην
756 755 793 797 „ies
806 739 915 790 incisas:
933 739 1001 789 nnde
1018 740 1106 789 datam
1123 741 1228 792 Frbnlae
1245 757 1288 799 oc,-

189 815 267 882 ὅρμοια
293 815 476 881 καππρχοριίνοοε
501 817 537 865 ἐπ’
555 815 635 879 lomim
675 817 721 868 ’θθν
756 816 1186 879 cerionem,utaenensdiceretor.
1220 818 1288 868 Fue-

186 888 509 955 μὶνχολιιείηομελιηηενέοιν
515 890 720 956 θνθρθποινῬίζην
756 899 856 949 suntet
868 894 912 943 alii
925 894 975 944 boc
987 893 1104 943 nominee
1120 894 1167 943 sed
1177 893 1241 944 nihil
1252 895 1287 953 aii

185 965 269 1019 λοιπθν
285 965 363 1030 ἔθνεα,
384 967 438 1029 μετ’
454 965 567 1032 θινθρθσιν
585 966 719 1032 ἡμιθέοισιν,
756 969 859 1032 enm,in
871 984 922 1035 quo
933 985 1001 1020 nunc
1011 971 1254 1033 versamnr‚locum.

187 1043 283 1110 Είιρθπη
307 1043 418 1108 Κρονίδης
442 1042 516 1102 νήσου
537 1043 607 1108 πθρεν
626 1042 720 1106 ἔμμεναι
788 1045 920 1094 θθΝοααι·
937 1046 1053 1109 Pegaseo]
1080 1045 1177 1108 Pegasi
1188 1046 1288 1096 Fabula

184 1117 263 1182 οθροο,
281 1118 334 1184 τρίς
350 1117 403 1183 περὶ
417 1119 539 1182 χαλκείοις
553 1118 648 1184 Κρήτην
663 1121 719 1170 ποσί
755 1122 841 1172 notior
851 1129 901 1187 est,
910 1136 984 1188 qnam
994 1129 1023 1171 ut
1034 1123 1150 1173 hocloco
1159 1123 1287 1188 explicari

186 1195 320 1245 loeium:
337 1197 425 1245 AEreus
439 1196 588 1245 uisceratio
601 1197 691 1260 lepidas
705 1211 719 1250 r
755 1197 858 1249 debeat.

185 1278 264 1322 moute
281 1273 384 1322 reuulsus
400 1272 540 1336 Prqjieieus,
554 1273 630 1323 uetuit
645 1278 718 1324 terra
786 1277 818 1322 2⁵
831 1275 888 1323 Nou
897 1273 919 1323 ei
928 1273 1019 1338 Ladas]
1031 1273 1140 1336 Solinus,
1150 1275 1158 1303 ‘
1169 1272 1286 1326 Primam

185 1349 289 1410 religare
300 1350 418 1410 rudentes,
431 1349 501 1397 Ostia
512 1362 564 1397 rum
574 1363 644 1397 eursu
651 1355 717 1412 pete·
754 1348 866 1412 palmam
893 1349 1039 1398 velocitatis
1069 1347 1154 1398 Ladss
1180 1348 1286 1413 quidum

184 1428 238 1472 rent
249 1426 346 1473 Dictoen
357 1424 439 1475 citato.
471 1426 585 1488 «luppiter
599 1425 669 1487 lure,
679 1439 716 1474 re·
754 1424 865 1488 adeptus
892 1431 942 1487 est,
963 1425 1006 1489 qul
1031 1425 1069 1475 ita
1095 1439 1173 1488 snpra
1192 1430 1292 1474 oaunn'

184 1501 273 1562 liquam
291 1515 322 1549 ex
338 1500 457 1551 bominum
473 1501 593 1550 arboribus
608 1506 717 1552 uotorum
753 1501 886 1563 pulverem
901 1501 1045 1563 cursitavit,
1063 1505 1103 1563 ut,
1118 1499 1205 1548 arenis
1221 1506 1287 1563 μι-

185 1577 451 1639 AEreoprogeuie,oum
461 1577 716 1642 suuideumoomitotu,
754 1574 884 1635 dentibus,
906 1575 978 1625 nulla
1001 1575 1097 1625 indicia
1125 1575 1287 1640 relinqueret

187 1656 313 1704 Custodem
332 1657 435 1718 Europa
450 1657 557 1719 dederat,
573 1655 613 1718 qui
634 1656 716 1705 littora
754 1650 937 1712 vestigiorum!
976 1651 1121 1700 Pausaniae
1140 1648 1287 1701 Corinthia·

187 1731 265 1778 Cretes
284 1731 337 1792 Ter,
348 1747 418 1794 quom
432 1733 503 1793 longo
512 1733 606 1795 sereret,
618 1731 717 1794 pedibus
753 1726 803 1776 cis:
812 1729 860 1777 'rori
865 1728 922 1777 ναοῦ
931 1725 958 1776 δι’
966 1727 1033 1777 ἔστιν
1041 1724 1198 1790 hislam,
1207 1729 1286 1777 ποθῶν

185 1807 298 1855 lustraret
308 1807 396 1858 uberis.
415 1807 452 1857 Iis
463 1814 558 1870 autem,
571 1808 614 1871 qni
626 1821 716 1857 conse·
753 1801 854 1862 summa
870 1803 1058 1868 θπερβαλέμπνος
1073 1802 1129 1852 reis
1148 1803 1185 1866 ἐφ’
1203 1804 1285 1852 eoron-

184 1887 307 1946 quuntur,
330 1882 457 1943 versibur,
482 1897 533 1947 qua
558 1882 631 1931 illum
659 1889 715 1932 arte
751 1881 868 1944 loquitur
884 1887 971 1930 auten
987 1878 1020 1929 ‹le
1035 1879 1134 1942 templo
1155 1877 1286 1941 Apollinis

183 1955 281 2025 Medos
301 1955 474 2018 interfecerit,
494 1957 642 2020 exponitur.
682 1956 715 2005 In
752 1957 826 2007 Licii.
855 1956 929 2006 Idem
937 1955 1086 2005 Laconicis:
1104 1951 1285 2016 Προελθθννιθθ

184 2030 284 2093 Orphei
297 2046 398 2094 quoque
415 2031 599 2094 Argonauticis
616 2033 671 2082 baeo
682 2032 715 2082 de
753 2027 1286 2091 eirddesrralburdmmfloifilpdmrbped·

184 2119 215 2154 eo
239 2106 377 2168 leguntur:
398 2104 480 2155 Ὄσσα
497 2108 520 2154 π’
537 2107 572 2170 iip’
590 2107 616 2156 έν
635 2106 715 2173 Κρίρνη
751 2102 972 2166 promerereris
987 2105 1041 2152 diois
1055 2102 1153 2164 γίνεται,
1168 2102 1284 2154 καίΛιίδα

183 2178 258 2230 stridor
277 2180 355 2242 ἄλγεα
375 2186 518 2246 retundere,
533 2181 650 2233 Χάλκεισν
665 2202 715 2246 τρι·
751 2176 831 2238 uelud
863 2178 929 2227 &W
959 2175 1060 2237 &ebrum
1095 2177 1284 2242 ὖῐῑθβθλθμένθυ

182 2255 286 2317 γίγαντα
310 2256 450 2322 θοκείμενοι,
472 2259 523 2323 ὄφρ’
542 2258 717 2322 immodestos
749 2251 1085 2316 rodberoirdp’oiroriflral
1100 2252 1129 2311 δὴ
1142 2252 1182 2302 καί
1193 2253 1282 2314 Ὀλυμ.

184 2330 216 2394 pri
231 2332 254 2381 οί
269 2333 311 2380 οὐκ
326 2334 363 2382 εία
377 2331 478 2395 λιμένων
494 2332 603 2384 ἔντοσθεν
617 2331 714 2383 ίκέσθαι.
750 2327 831 2379 σανίσιν
840 2330 997 2392 ἐστεφανοῦτο
1013 2331 1102 2392 δολιχῷ
1111 2333 1208 2395 κρατῶν·
1217 2333 1286 2393 δοκεῖ

185 2407 250 2461 Quid
262 2421 393 2470 memorem,
403 2411 434 2457 od
444 2411 540 2458 Cretum
550 2414 606 2471 quot
616 2411 677 2458 dura
690 2413 714 2457 et
751 2403 777 2454 tl
792 2423 840 2467 μοι,
857 2404 950 2465 κάμνον
970 2406 1053 2455 αι’ννίιια
1075 2405 1136 2468 μετὰ
1150 2406 1196 2465 ebs
1215 2408 1284 2468 sirpe

182 2481 268 2530 noerio
286 2482 399 2544 tulerunt,
418 2485 442 2532 E
460 2485 533 2532 solido
548 2489 641 2533 eastum
650 2497 715 2547 epec-
751 2479 882 2544 έκαμίζενο,
906 2479 946 2531 καί
974 2477 1097 2542 σνιιβείσηε
1128 2482 1228 2532 muido
1258 2485 1283 2533 οί

181 2561 260 2606 tontes
280 2570 327 2606 cere
344 2559 477 2618 gigantem,
496 2558 553 2606 Illos
574 2558 615 2620 qui
634 2562 714 2620 optato
750 2558 873 2616 τελευτῆς,
884 2556 981 2621 θσσίφος
989 2556 1055 2607 ἐστίν
1070 2557 1127 2621 ὑπὲρ
1137 2557 1182 2617 τὴν
1190 2559 1283 2622 λοοιφθ.

181 2633 257 2682 vetuit
267 2634 388 2685 succedere
403 2631 494 2696 portu?
517 2632 640 2682 Meminit
655 2633 713 2696 ejus
749 2649 797 2696 ραν·
813 2634 930 2684 meminit
946 2641 974 2684 ct
985 2635 1011 2683 in
1023 2633 1175 2696 Arcadicis3
1190 2636 1235 2684 sed
1252 2643 1283 2686 et

182 2717 211 2756 et
224 2707 350 2757 Lucienus
363 2709 389 2757 iu
402 2706 544 2771 οιλοθεθθει,
561 2708 600 2756 his
610 2708 711 2758 verbis:
750 2709 864 2761 Martini.
896 2710 904 2738 ‘
921 2709 1038 2772 Habeas,
1054 2710 1155 2772 licebit,
1170 2712 1282 2766 alterum

176 2782 240 2844 Ὅρα
249 2781 336 2845 τοίνυν,
344 2782 374 2842 ἦν
382 2785 402 2832 θ’
411 2782 506 2848 emim
517 2783 572 2846 οθχί
586 2782 712 2845 Πέλιχαεθ
750 2783 844 2847 pedem
863 2784 953 2846 Lada,
969 2786 1073 2848 Inepte,
1087 2785 1184 2835 frustra
1195 2800 1282 2838 crure

181 2860 282 2924 θινθριθς,
291 2861 355 2910 ἀλλὰ
364 2858 557 2923 τέλσεθκρῆεθ
571 2858 713 2910 mimirum
748 2859 834 2922 ligneo
846 2861 951 2911 cnrres.’
978 2861 1093 2910 nominat
1103 2875 1163 2910 enm
1177 2867 1204 2912 et
1216 2863 1282 2913 eor,

180 2935 204 3002 ᾖ.
222 2937 261 2986 καί
276 2938 323 3001 γὰρ
337 2937 424 2986 ἐκεῖνος
436 2938 542 3000 χαλκοῦς
562 2955 599 2990 τις
612 2933 651 2997 ἦν,
667 2939 712 2996 τῆς
748 2936 849 2986 nifioins
860 2937 893 2986 sd
905 2938 1075 2999 Herennium,
1084 2937 1131 2987 lib.
1143 2952 1182 2989 tv.

180 3013 273 3078 Κρίσην
287 3013 420 3079 περίπολος.
452 3013 603 3063 Eustatbius
620 3013 648 3062 in
664 3014 710 3062 lib.
781 3015 895 3077 Pueros]
906 3017 948 3064 De
956 3015 1005 3065 hoc
1012 3016 1095 3064 multa
1109 3013 1187 3064 Ovio.
1196 3016 1281 3078 multe

178 3103 228 3140 xx.
241 3091 337 3154 Odyss.
348 3096 514 3153 narrat,eurn
525 3088 711 3153 miraquadent
749 3088 847 3154 Hygin.
866 3091 942 3155 lqnge
958 3091 1069 3154 plurima
1088 3097 1175 3140 autern
1193 3090 1280 3140 Inter·

179 3167 280 3215 ratione
291 3166 395 3216 solitum
411 3177 519 3214 enecare
528 3164 654 3227 hospites,
666 3163 710 3227 qui
749 3179 809 3229 pres
831 3165 919 3229 Apoll.
939 3168 970 3215 R.
991 3166 1017 3214 in
1045 3165 1088 3216 lib.
1106 3179 1144 3215 ιν.
1191 3167 1280 3229 Mults

177 3241 206 3288 in
235 3241 340 3289 Cretam
368 3240 543 3302 appulissent:
572 3238 711 3294 desiliebat
748 3240 826 3290 etiam
837 3240 978 3289 Pausanias
990 3238 1017 3288 in
1026 3239 1208 3304 Corinthiacis.

176 3313 285 3363 enimin
302 3313 387 3376 ignem
399 3315 516 3378 (poterat
528 3314 651 3363 autemid
663 3315 710 3363 im·
779 3320 812 3364 26
830 3316 886 3364 Nou
910 3315 995 3378 Rbess]
1024 3315 1124 3365 Fabula
1145 3320 1187 3364 est
1207 3317 1279 3379 sputi

177 3402 248 3451 pone
259 3386 355 3451 facere,
365 3403 423 3438 curn
431 3402 518 3438 aenens
530 3387 612 3452 esset)
622 3387 710 3452 ibique
748 3389 854 3440 Homer.
863 3390 896 3440 Il.
905 3396 936 3439 lt.

170 3465 217 3514 ita
236 3478 264 3512 se
280 3461 511 3521 concalefaciebst‚
522 3469 552 3513 ut
568 3463 709 3525 canderet;
779 3465 873 3528 Nimis,
883 3465 992 3529 sitisque]
1015 3465 1121 3515 Homer.
1140 3466 1279 3531 Αεοκθπεροι

178 3540 374 3604 comprehensos
384 3539 464 3605 igitur
474 3539 599 3603 hospites,
609 3545 638 3593 et
648 3553 710 3607 pec·
746 3539 833 3603 χιθνος,
840 3539 907 3590 θείειν
914 3540 1139 3603 θ’θνέμοισινθμοΐσι.
1149 3543 1277 3605 Virgilius

177 3616 231 3667 tori
247 3631 294 3665 suo
304 3616 430 3678 admotos,
441 3616 527 3665 ridens
538 3617 606 3679 ipse,
617 3630 708 3667 exure·
746 3623 883 3682 utrumque
895 3619 1044 3682 complexus
1056 3623 1106 3679 est,
1121 3631 1180 3666 cnm
1197 3632 1279 3681 equos

175 3691 241 3751 bat;
259 3691 309 3742 etsi
323 3692 483 3754 Eustatbins,
498 3707 549 3741 non
567 3693 644 3754 bunc,
661 3691 707 3746 sed
745 3692 803 3743 illos
814 3694 964 3748 ‘ardentes'
983 3693 1100 3744 vocavit..

176 3767 255 3823 elium
263 3767 401 3832 quendam,
409 3782 485 3831 quern
492 3765 707 3818 Vulcanusfabri-
777 3770 862 3832 Bigis]
878 3771 965 3835 Equos
976 3769 1047 3834 ipsos
1058 3767 1090 3818 ad
1103 3784 1206 3820 currum
1214 3770 1277 3834 jun·

175 3853 249 3896 catus
258 3851 338 3907 esset,
348 3846 460 3907 Europae
469 3843 707 3908 custodemdatum,
746 3852 803 3895 ctos
821 3845 957 3909 siguificat.
1003 3844 1102 3894 Deficit
1120 3854 1207 3895 autern
1225 3847 1277 3897 boc

175 3920 404 3975 innuerevidetur.
428 3919 707 3969 PlatoinMinoiinar·
744 3921 899 3982 locooratio,
907 3921 930 3970 si
939 3920 1144 3970 animadvertas:
1158 3927 1199 3971 est
1206 3922 1276 3972 enim

170 4003 226 4061 rat,
239 3997 303 4046 duos
321 3994 426 4046 affuisse
437 3995 531 4055 Minoi,
544 3994 636 4058 quibus
651 3995 706 4058 ipse
744 4011 848 4048 sensns:
877 3999 905 4048 Si
923 4000 980 4048 iraec
996 3997 1081 4048 omnia
1100 4011 1162 4046 reta
1177 4005 1277 4061 essent,

177 4071 211 4120 ad
229 4073 313 4134 legum
331 4073 474 4122 custodiam
493 4077 622 4134 uteretur,
639 4071 706 4123 Rha·
743 4081 894 4125 nontamen
913 4080 1014 4129 ‚tsntum
1031 4071 1131 4136 itineris
1151 4071 1207 4120 sine
1223 4072 1275 4122 las·
1365 4080 1367 4085 ’

176 4145 341 4218 (limentinum
366 4155 394 4200 et
414 4148 516 4211 Teium,
541 4160 648 4213 qnorum
666 4146 705 4202 ilii
742 4146 854 4198 titudine
866 4147 1059 4218 obirepossem.
1075 4146 1276 4215 'laliaexempis
1309 4178 1311 4182 =
