2752 4694
423 336 454 383 o.
479 336 636 384 vaauen
662 334 840 383 nanuum.
1113 319 1178 384 829

118 482 189 544 Nic.
206 484 318 544 Heinsii
332 486 442 544 notulae
451 485 481 543 in
493 485 641 544 Catullum
655 485 742 544 editae
764 494 832 544 snut
847 504 863 543 a
878 485 942 544 Pet.
959 486 1128 544 Burmanno
1142 481 1181 542 ad

77 582 190 640 calcem
206 582 364 640 Adversar.
379 581 615 640 Heinsianorum.

120 678 153 734 lo
186 677 294 735 Catulli
316 677 400 735 Attin
427 676 643 736 emendationes
669 685 738 734 sunt
764 676 794 733 in
819 675 1183 735 Miscell.0bs.1)orvil.
1210 683 1213 688 ⁴

79 770 147 828 Vol.
165 787 205 829 11.
221 791 290 849 pag.
305 780 374 833 ³23.
389 791 442 848 sq.
452 771 522 831 item
536 773 565 830 in
580 771 705 830 Carmen
720 787 756 830 x.
773 772 885 829 ‘Varus
894 789 941 829 me
956 771 1134 843 meus,¹Vol.
1150 787 1182 829 v.

78 883 148 941 aas·
167 876 192 924 1·
208 885 252 941 su·
681 873 684 880 '

120 960 222 1017 Codex
231 961 392 1019 carminum
407 960 672 1038 Catullieleganter
685 960 810 1039 scriptus
823 961 853 1019 in
862 960 1040 1032 membrana,
1050 963 1103 1039 qui
1113 962 1183 1022 olim

80 1054 137 1113 luit
152 1056 324 1133 Marquardi
340 1055 443 1126 Gauii,
459 1076 517 1116 uua
541 1077 609 1116 cum
634 1057 697 1116 aliis
715 1057 848 1134 ejusdem
863 1060 940 1117 Mss.
966 1058 1085 1136 optimae
1105 1069 1183 1118 notae

80 1152 214 1226 pervenit
228 1152 256 1209 in
269 1151 483 1212 Bibliothecam
499 1151 765 1230 Guelferbytanam
779 1152 958 1211 serenissimi
969 1149 1062 1216 Ducis
1075 1156 1184 1213 Bruns·

81 1245 213 1305 vicensis.
255 1247 364 1305 Aldina
378 1247 469 1306 editio
483 1248 602 1319 Catulli,
616 1247 739 1318 Tibulli,
761 1267 796 1306 ao
818 1248 963 1326 Propertii
977 1243 1094 1327 vulgata
1106 1269 1183 1309 anno

77 1350 172 1402 1502.
190 1351 218 1401 8.
240 1344 363 1401 extabat
386 1343 530 1421 castigata
550 1343 660 1420 passim
680 1352 709 1401 et
723 1343 879 1402 emendata
894 1363 979 1402 manu
994 1344 1046 1403 viri
1059 1343 1142 1403 docti
1155 1345 1184 1404 in
1213 1350 1215 1354 '

80 1435 154 1496 bibl.
177 1438 474 1498 Emest.-Codicem
498 1440 618 1510 Catulli,
643 1438 764 1509 Tibulli,
790 1448 822 1498 et
844 1439 1000 1517 Propertii,
1014 1439 1186 1518 Sylvarum·

79 1551 138 1609 que
162 1533 256 1605 Statii,
271 1534 309 1592 ab
338 1536 410 1593 Ant.
432 1533 585 1593 Sinibaldo
601 1534 756 1593 Florentiae
778 1553 855 1593 auno
879 1542 967 1595 1484.
991 1535 1183 1612 descriptum,

80 1629 208 1704 Neapoli
227 1629 255 1687 ia
278 1629 354 1688 Bibl.
379 1622 602 1689 Olivetanorunr
618 1629 693 1688 vidit
717 1630 904 1688 Bernhardus
917 1630 954 1689 de
974 1630 1184 1701 Moutsauoon,

81 1736 115 1784 ut
127 1724 216 1785 refert
227 1727 287 1802 ipse
301 1727 329 1784 in
345 1726 447 1785 Diario
461 1727 565 1786 Italico
579 1747 611 1804 p.
626 1727 894 1805 305.-Exen1plar
908 1727 1016 1785 Catulli
1027 1727 1087 1786 Ms.
1103 1725 1185 1804 quod

81 1820 243 1878 Mediolani
266 1830 366 1880 servat
389 1821 466 1880 Bibl.
488 1821 692 1892 Ambrosiana,
717 1821 837 1881 mirifice
861 1822 1006 1901 praedicat
1019 1823 1082 1882 Jos.
1098 1823 1187 1901 Ripa·

81 1916 209 1974 montius
217 1916 246 1974 in
261 1916 352 1976 Card.
368 1917 527 1975 Borromaei
539 1915 607 1974 vita.
633 1917 730 1974 Lucas
742 1917 925 1976 Holsteinius
938 1918 968 1975 in
984 1917 1080 1994 Epist.
1095 1918 1186 1976 Tom.

83 2028 115 2071 v.
131 2013 264 2092 Sylloges
279 2013 499 2072 Burmannianae
510 2032 579 2090 pag.
589 2018 659 2073 435.
686 2012 754 2070 Jani
765 2012 941 2071 Broukhusii
955 2011 1079 2071 schedas
1091 2014 1187 2071 Mstar
1227 2080 1235 2100 ι

81 2107 112 2165 iu
126 2109 275 2167 Catullum
290 2118 393 2167 nactus
410 2107 507 2167 David
523 2109 759 2184 Hoogstratanus
773 2127 878 2166 novam
892 2108 956 2184 ejus
974 2114 1073 2185 poetae
1084 2106 1187 2166 editio·

82 2222 146 2261 nem
161 2203 237 2262 notis
249 2203 423 2263 illustratam
441 2202 648 2276 meditabatur,
662 2200 713 2260 sed
729 2214 821 2261 morte
842 2209 1005 2280 praereptus
1019 2212 1064 2261 est
1077 2199 1117 2260 ad
1137 2211 1187 2264 21.

82 2299 163 2356 Nov.
178 2318 206 2356 a.
224 2308 312 2369 1724.

125 2393 293 2454 Bernardini
307 2394 422 2453 Realini
444 2393 612 2473 Carpensis,
627 2395 658 2453 S.
680 2395 708 2455 J.
722 2395 947 2454 commentarius
968 2393 1150 2472 compositus
1171 2411 1190 2450 a

78 2488 192 2564 juvene
214 2490 260 2548 vix
289 2505 350 2548 xx.
379 2508 532 2561 annorum,
555 2498 715 2566 numquam
728 2489 906 2550 Societatem
934 2490 1144 2568 ingrederetur,
1158 2488 1189 2545 iu

84 2584 204 2660 nuptias
219 2584 298 2642 Pelei
312 2594 343 2642 et
359 2583 503 2654 Thetidis,
526 2603 594 2643 curn
610 2585 845 2645 annotationibus
865 2587 932 2664 ejas
956 2588 986 2646 in
1001 2587 1079 2647 varia
1094 2585 1188 2664 scrip-

83 2687 178 2738 torum
192 2680 270 2750 loca,
285 2679 396 2738 recusis
409 2679 440 2738 in
453 2680 551 2738 Tomo
573 2679 704 2739 secundo
720 2681 803 2741 Pacis
818 2681 936 2741 Criticae
950 2682 1136 2743 Gruterianae
1157 2702 1190 2761 p.

84 2782 256 2845 355-371.
268 2776 342 2835 vidit
355 2777 451 2835 lucem
467 2775 606 2833 Bononiae
622 2782 712 2834 1551.
725 2784 755 2833 4.

126 2871 206 2930 aon.
226 2871 299 2929 Titii
327 2869 531 2948 praelectiones
553 2867 591 2924 ad
612 2867 722 2926 Catulli
748 2867 948 2927 Galliambum
972 2870 1034 2928 sive
1065 2873 1191 2941 Carmen

87 2981 184 3025 uxiv.
200 2967 316 3022 Bonon.
334 2970 422 3032 1599.
438 2971 469 3020 4.
486 2979 554 3020 cum
570 2959 634 3019 aliis
648 2961 825 3041 quibusdam
840 2962 904 3038 ejus
921 2963 974 3021 viri
987 2954 1106 3042 seriptis
1120 2947 1190 3044 pro-

84 3062 214 3129 dierunt,
229 3068 259 3117 et
273 3059 301 3116 in
316 3055 427 3117 Graevii
439 3055 568 3133 editione
583 3055 691 3114 Catulli
711 3056 859 3133 leguntur,
873 3066 963 3133 atque
976 3058 1005 3116 in
1018 3058 1148 3119 Parisino
1161 3080 1192 3122 a.

88 3148 177 3227 1604.
187 3153 238 3212 lol.
249 3174 279 3232 p.
295 3152 365 3214 216.
386 3151 440 3211 Illa
450 3151 580 3212 Parisino
590 3152 620 3209 in
632 3151 807 3228 quibusdam
821 3153 964 3230 exemplis
975 3155 1095 3231 praefert
1104 3157 1192 3217 etiam

84 3270 191 3310 anuum
209 3250 356 3310 tonaret
367 3247 456 3310 1615.
857 3254 861 3260 '

130 3349 162 3405 P.
178 3351 215 3407 A.
231 3347 267 3405 C.
279 3347 415 3405 Wertbes
431 3345 505 3403 iiber
519 3342 578 3403 den
593 3348 667 3424 Atys
678 3344 731 3404 des
747 3345 859 3422 Catull,
875 3347 1037 3420 Miincbeu,
1055 3356 1144 3418 1774.
1161 3359 1190 3412 8.
1212 3360 1214 3369 ’

88 3441 365 3518 Interpretationem
379 3440 532 3519 excipiunt
545 3440 777 3516 observationes.
