2752 4694
1124 322 1189 388 655

97 482 186 542 aeaut,
197 482 224 528 et
239 477 345 542 ‘lupam
363 477 544 528 commixtam'
564 478 628 528 sica
661 477 757 542 ‘llpdou
776 480 896 531 Juvenal.
908 479 961 530 Sat.
972 495 999 531 v.
1024 480 1103 532 ‘Flos
1120 481 1189 534 Arte

98 554 201 604 Catullo
212 554 309 603 dictam
321 554 476 612 existiment,
485 553 627 602 utaPlan·
663 564 724 604 ante
743 556 826 618 ipsum
845 556 929 618 pretio
948 558 1044 620 majore
1064 561 1190 622 paratus!

97 635 124 678 to
137 629 213 678 ctiam
226 629 342 678 Mostell.
358 630 365 656 ‘
379 627 626 691 Capracommixta'
664 630 695 678 Iu
705 630 869 678 Veroueurium
880 643 941 678 vero
951 631 1078 692 Synizesis
1088 632 1190 696 eadem,

96 704 208 765 dicitur;
236 703 263 752 id
280 711 329 765 est,
346 703 422 752 foede.
454 703 505 752 Sed
525 703 573 751 buc
589 702 627 751 illi
663 719 721 770 qnae
738 704 765 753 in
780 704 857 753 verbo
873 704 994 754 ‘omnia'
1013 706 1081 768 apud
1091 709 1190 772 Vergil.

95 777 216 829 viderint.
249 779 390 828 Inamabile
406 778 522 827 suavium
534 776 626 840 signifi·
663 779 875 830 AEn.v1.‘Qutn
895 780 1011 843 protinus
1027 782 1110 830 omnia
1124 783 1189 833 Per·

96 872 167 918 caus,
185 857 284 906 Statius
302 858 421 907 Comicus
442 861 533 920 argute
552 856 627 918 dixit,
663 855 780 918 legerent
799 854 898 913 oculis?
931 855 1024 918 Itaque
1042 862 1083 905 est
1101 857 1128 904 in
1146 857 1190 908 illo

95 932 168 981 ‘Sed
182 939 227 981 tua
238 946 382 980 morosane
395 945 468 992 rrxor,
479 945 567 994 qnaeso
579 936 627 995 est,
663 929 761 992 optimo
789 929 1012 994 vetustissimoqnc
1037 930 1113 992 libro,
1140 947 1190 995 qno

96 1021 172 1070 qnam
194 1007 286 1067 rogas?
326 1007 391 1056 Quae
415 1004 528 1066 laudern,
546 996 627 1055 tedet
664 1004 752 1053 Romae
766 1003 1098 1068 magnoCard.Carpeusis
1113 1005 1190 1055 bene-

95 1081 244 1139 mentiouis‚
257 1095 314 1144 qum
325 1080 386 1128 milri
398 1078 449 1128 Ubi
468 1079 569 1128 domum
582 1080 626 1128 ad·
663 1077 723 1128 ticio
733 1093 788 1144 snm
798 1093 867 1130 usus.
882 1080 950 1141 Jam,
958 1073 1019 1145 quia
1028 1088 1055 1130 et
1067 1081 1191 1132 Nicoleus

95 1157 156 1204 veni
171 1169 202 1203 ac
222 1155 285 1217 sedi,
304 1156 436 1218 extemplo
456 1155 554 1203 savium
570 1156 627 1205 Dat
663 1153 814 1202 Erztbraeus
834 1160 861 1201 et
873 1154 1191 1204 PlerinsValerianusad·

91 1232 184 1295 jejuna
194 1232 286 1280 anima.
303 1231 348 1282 Nil
357 1237 450 1293 peccat
461 1230 494 1279 de
502 1230 627 1291 savio,Ut
663 1235 753 1276 curate
776 1227 809 1277 de
836 1242 868 1278 eo
889 1236 966 1292 atque
988 1231 1090 1279 erudite
1109 1231 1191 1283 multa

95 1307 219 1354 devomas
231 1307 295 1363 vult,
308 1306 375 1368 quod
387 1304 449 1354 foris
462 1305 613 1368 putaveris?
664 1300 837 1364 tradiderunt,
858 1302 952 1353 addam
977 1304 1011 1353 ad
1035 1305 1080 1354 illa
1100 1319 1190 1355 versus

130 1383 160 1427 ts
173 1379 419 1440 Utmieaomlorosia]
430 1378 632 1442 Inmanrrscrip.
663 1375 739 1426 Lacr.
752 1376 796 1440 qui
815 1377 967 1441 colligentes
985 1379 1042 1427 illos
1058 1379 1190 1443 aliat'uge-

95 1454 140 1515 tis,
150 1453 272 1502 ambrosio.
291 1454 328 1502 Ut
344 1454 352 1480 ‘
364 1455 479 1503 osculum
489 1453 496 1475 ’
506 1453 561 1502 sic‘
575 1468 627 1503 am·
665 1458 735 1511 runt,
747 1467 761 1501 e
773 1452 818 1502 lib.
834 1467 861 1503 u.
877 1453 949 1502 ‘Sed
959 1453 996 1503 sic
1012 1455 1131 1519 quodque
1143 1470 1189 1505 sno

94 1526 627 1592 brosium'dicatur,ntetiamVerg.‘Co·
663 1529 716 1577 ritn
736 1528 902 1590 proredium
913 1529 999 1578 omnia
1018 1530 1127 1580 Foedere
1146 1545 1191 1580 ns·

95 1602 160 1652 mse'
172 1603 294 1652 dicuntur
304 1604 312 1631 ‘
324 1603 478 1654 ambrosioe.'
664 1612 729 1654 tnrae
741 1606 837 1654 certo:’
854 1612 891 1669 et,
906 1606 915 1633 ⁴
926 1606 997 1668 Ignis
1009 1606 1076 1654 enim
1086 1620 1192 1668 supera-

130 1682 160 1726 14
179 1679 256 1727 Tristi
278 1680 371 1728 tristius
389 1680 514 1742 helleboro]
549 1680 626 1729 Ama·
664 1681 710 1742 vit,
728 1687 757 1729 et
773 1680 888 1730 ambiens
907 1682 990 1730 multa
1009 1680 1145 1744 perussits'
1162 1688 1192 1731 et

95 1752 156 1802 rius.
189 1753 233 1803 Sic
249 1755 326 1818 Verg.
343 1755 453 1805 ‘Media
469 1755 522 1806 t'ert
539 1756 626 1805 tristes
665 1753 754 1804 Ovidii
770 1756 844 1819 illud,
859 1756 982 1806 Catullini
1001 1757 1078 1819 bnjns
1094 1757 1192 1807 similli-

95 1842 186 1879 snccos
197 1829 213 1877 ι’
229 1835 256 1879 et
267 1830 338 1890 alibi,
349 1830 515 1894 ‘'l'ristesqne
527 1827 626 1893 lupini!
663 1847 740 1896 muru,
756 1848 771 1881 e
790 1835 859 1884 Fast.
869 1834 913 1884 lib.
925 1848 950 1883 v.
966 1833 1051 1884 ‘Cum
1068 1842 1114 1886 tua
1132 1836 1193 1901 sint,

92 1904 102 1931 ⁴
121 1902 257 1951 Amarius'
285 1911 371 1953 antem
392 1903 544 1964 ‘elleboro,'
563 1904 628 1951 Pro·
664 1908 808 1971 cedantque
820 1909 867 1958 tibi
880 1908 1143 1959 confiniameusium.'

404 336 441 384 IN
468 335 632 385 coruunt
657 336 813 384 GARMEN
838 338 883 385 cl.

96 1976 185 2025 verbio
197 1976 301 2036 dicitur,
311 1984 340 2027 nt
351 1979 378 2026 in
390 1976 505 2039 nlo,‘nst
515 1977 543 2026 rb
554 1979 628 2033 βινεῖν
695 1985 711 2029 l
732 1983 872 2033 Fraternum
889 1996 944 2032 uere
962 1985 1027 2032 dulce
1044 1984 1192 2048 sodalitium]
1273 1970 1275 1977 Α

95 2050 157 2110 dors,
167 2049 204 2099 ris
214 2042 241 2097 ob
251 2049 333 2111 λέγω
354 2051 408 2099 ἀλλ’
423 2050 545 2115 travolat
561 2057 627 2100 Χαλ·
664 2056 825 2105 Simillimum
842 2057 906 2105 illud
925 2057 1018 2108 Horat·
1034 2058 1102 2109 ‘hac
1118 2059 1145 2107 in
1162 2073 1191 2109 re

94 2123 146 2188 ndu,
155 2123 290 2187 πικρότερον
299 2124 389 2184 γίνεται
400 2125 536 2189 ἐλλεβόρου.
665 2130 767 2179 scilicet
785 2145 836 2179 una
856 2131 970 2180 Multum
993 2132 1141 2195 dissimiles,
1157 2133 1191 2182 ad

663 2212 752 2253 cetera
768 2217 843 2266 paene
862 2204 982 2267 gemelli!
1014 2206 1073 2254 Nisi
1091 2207 1128 2256 sio
1139 2213 1192 2255 tur·

264 2262 416 2315 CARMEN
436 2264 465 2313 C.
663 2277 808 2342 pitndinem
833 2286 911 2343 atque
936 2279 1123 2331 obscenitatem
1148 2283 1192 2340 τῆς

131 2367 144 2409 l
158 2360 246 2409 Cealius
256 2362 402 2426 Aufilenum]
420 2364 455 2411 Et
468 2361 567 2410 Coelium
579 2374 627 2425 per

95 2439 130 2489 OE
150 2444 179 2486 et
191 2451 238 2499 per
249 2438 280 2485 AE
292 2437 464 2501 diphthongos
477 2438 584 2499 legimus
600 2436 627 2484 in

95 2511 275 2560 vetustissimis
290 2512 472 2572 monumentis,
484 2512 515 2560 iis
526 2511 627 2560 scilicet

96 2600 154 2648 quae
182 2586 271 2633 Romae
305 2591 366 2633 sunt
393 2586 420 2633 in
448 2585 627 2634 amoenissimis

96 2660 175 2710 Card.
193 2659 331 2723 Carpensis
343 2658 432 2722 bortis,
443 2667 471 2709 et
484 2660 511 2708 in
521 2674 552 2708 ea
563 2660 627 2724 basi,

96 2749 153 2798 quae
174 2734 299 2798 hodieque
321 2734 348 2784 in
370 2734 442 2784 Urbe
468 2735 501 2783 ad
528 2734 627 2784 Arcum

95 2809 221 2873 Septimio
240 2810 354 2859 dicatum
370 2825 430 2860 cum
447 2811 627 2861 centuriarum

96 2892 183 2934 exstat
202 2886 348 2934 nominibus
359 2891 387 2934 et
399 2887 510 2934 diversas
522 2885 628 2949 qnidam

96 2974 152 3009 esse
164 2961 251 3010 uolunt
262 2960 378 3008 familias.
395 2961 451 3022 Ego
462 2973 524 3008 veru
536 2957 627 3008 dubito

96 3039 214 3102 Aufidena
232 3052 264 3086 ue
285 3052 331 3100 pro
352 3037 470 3101 Aufileuo,
489 3035 627 3100 legendum

96 3112 138 3160 sit.
180 3112 268 3160 Romae
291 3112 358 3159 enim
379 3112 449 3174 apud
469 3112 628 3174 Episcopum

97 3187 260 3235 Ferratiunm
268 3190 458 3235 monumentum
466 3189 554 3234 exstat
562 3184 628 3247 ejus·

96 3257 177 3315 modi.
500 3280 503 3284 ¹

312 3347 412 3384 rvuour

318 3422 403 3458 suarm

288 3497 437 3537 arsionum

274 3572 451 3611 casianorum

303 3649 421 3686 sacnvm.

99 3717 177 3778 Nam,
197 3714 229 3764 de
252 3716 456 3778 antepenultima
477 3715 534 3779 ejus
555 3713 628 3766 verbi

99 3790 295 3855 quidstatnam‚
306 3803 357 3837 non
368 3790 459 3840 habeo.

131 3869 147 3914 2
165 3865 221 3914 Flos
238 3863 406 3913 Veronensium
423 3867 548 3927 depeream
560 3864 629 3925 jour·

97 3939 165 4001 oum]
185 3940 247 4000 Flos,
255 3937 329 3988 tiosos
338 3939 444 3988 verbum
454 3937 628 3989 Pindarotre-

99 4021 250 4079 quentatum
269 4015 296 4062 in
312 4014 360 4065 boc
379 4029 472 4080 genere
484 4015 629 4066 et'llreocr.

98 4091 174 4150 τῆμος
185 4087 303 4142 ναυτιλίας
321 4088 462 4152 murdrum
480 4091 540 4140 θεῖος
554 4089 629 4145 deror

663 2351 801 2417 θνοορὴσεως
828 2354 974 2418 siguificare
1000 2357 1090 2408 voluit.
1138 2358 1192 2409 Sed

663 2428 727 2478 illud
745 2429 851 2493 rectius,
863 2431 931 2495 quod
943 2438 971 2481 et
990 2432 1138 2484 corbinello
1152 2434 1193 2483 ‘ri-

664 2504 785 2568 debatur,
793 2506 827 2555 ob
843 2507 959 2568 similem,
969 2514 1015 2556 aut
1026 2508 1133 2558 eandem
1145 2524 1191 2573 po·

663 2581 713 2631 tius
724 2582 863 2631 Menandri
877 2583 1041 2649 sententiam,
1057 2583 1099 2634 Ὦς
1113 2583 1192 2648 add-s

664 2657 689 2708 ἓν
698 2659 807 2721 ἀδελφοῖς
817 2657 923 2720 operulas
929 2659 1010 2724 Ἔρως.

695 2738 712 2782 6
728 2735 856 2796 Perspecto
872 2735 979 2794 exigitur
991 2735 1060 2782 unico
1070 2736 1191 2799 amicitie]
1241 2727 1251 2740 ¹

663 2811 696 2861 In
714 2811 895 2873 manuscriptis
914 2811 1002 2871 etiam,
1023 2810 1136 2870 Perfecto
1156 2817 1192 2860 est

663 2886 753 2946 igitur:
770 2887 796 2933 iu
815 2885 881 2945 aliis,
892 2883 1013 2945 Perfecta,
1029 2890 1098 2947 atque
1114 2887 1192 2947 exigi·

664 2965 717 3008 tar:
737 2966 873 3022 utrumqne
881 2958 943 3006 milri
954 2960 1075 3007 tralatum
1088 2960 1192 3009 ridetur

664 3033 697 3081 ab
715 3032 845 3094 operibns,
864 3046 922 3094 qnae
943 3032 976 3079 ad
996 3033 1109 3094 regulam
1126 3033 1191 3085 fiunt

663 3121 694 3155 ac
714 3106 845 3154 libellam:
868 3105 956 3168 itaque
977 3104 1115 3154 amicitiam
1135 3121 1192 3170 per·
1225 3094 1233 3101 ⁸

662 3180 760 3230 sectam
780 3179 848 3228 ilbus
868 3193 899 3227 ac
918 3186 1034 3231 sanctam
1053 3182 1191 3244 significat.

664 3256 731 3306 Plin.
743 3254 787 3303 lib.
800 3266 898 3303 xxxva
909 3268 967 3317 cap.
979 3257 1021 3304 26.
1032 3255 1112 3306 verbo
1121 3259 1129 3285 ‘
1139 3259 1192 3308 esi.

664 3332 740 3396 gere’
752 3332 784 3384 de
795 3331 947 3395 pauimentis
958 3331 995 3382 sic
1004 3333 1102 3384 utitur:
1119 3335 1192 3386 ‘Do-

663 3408 723 3458 inde
735 3409 818 3472 spissa
835 3408 940 3458 calcatis
950 3407 1102 3458 carbonibus
1117 3409 1191 3460 indu·

664 3486 732 3534 citur
752 3484 840 3533 sabulo
859 3485 930 3534 calce
941 3498 971 3533 ac
982 3482 1069 3534 fauilla
1087 3485 1190 3535 mixtis:

663 3559 771 3611 materia
790 3560 961 3610 crassitudine
980 3559 1132 3622 semipedali
1156 3561 1191 3609 ad

663 3637 780 3699 regulam
799 3642 827 3684 et
849 3635 964 3685 libellam
983 3634 1112 3698 exigitur?
1146 3633 1191 3682 In·

664 3712 750 3760 didem
772 3711 924 3762 translatum
949 3709 1032 3758 videri
1057 3709 1139 3770 possit
1162 3713 1191 3757 et

665 3785 742 3836 ovid.
753 3785 816 3834 illud
827 3787 898 3834 Fast.
910 3784 955 3835 lib.
964 3798 1008 3833 111.
1025 3783 1033 3811 ‘
1043 3781 1191 3835 nonnanes

664 3866 794 3922 exactum,
805 3861 873 3924 quod
883 3859 959 3923 agat?
976 3881 977 3885 ¹

820 3983 971 4038 CARMEN
989 3982 1035 4032 CI,

696 4090 712 4135 2
724 4085 840 4147 Adoeaio]
851 4081 998 4146 aagendam
1008 4083 1080 4143 puto,
1090 4079 1191 4138 Adverti.
