2752 4694
203 298 269 363 498
452 313 489 358 u.
512 311 548 361 s.
572 310 717 361 nunant
741 308 1044 361 connexuimus

203 453 320 508 ls'crninca
339 455 456 520 nupsisse
475 454 500 505 ei
517 452 653 505 ilretldem
675 464 732 503 cre·
768 451 864 516 Ingens
876 455 1013 514 argentum
1033 448 1135 512 mensis,
1153 450 1301 516 celataque

122 574 126 580 .
205 530 307 581 decent.
768 528 795 578 in
806 532 868 577 anre
880 526 1049 577 Fortiafacta
1059 525 1180 590 patrum‚'
1191 528 1241 576 dac.

237 611 270 655 29
286 604 384 669 Tessys]
399 606 496 670 Tethys
511 620 544 655 ex
556 605 662 655 Ocearm
679 605 733 654 Du·
801 606 833 651 47
840 603 956 651 Parisinus·
961 601 1065 665 geniale]
1074 603 1171 651 Lectus
1180 601 1299 664 genialis.

205 682 297 746 sidem,
306 683 383 733 Doris
391 696 425 731 ex
435 684 521 732 Nereo
529 681 667 732 Thetidem
679 696 733 730 sus·
802 681 834 725 ὅθ
851 677 1002 741 Haecsestis]
1018 677 1049 727 In
1059 683 1196 741 veste,qus
1203 682 1301 727 stratus

206 757 277 808 tulit.
770 759 826 802 erat
839 753 922 802 iectus
934 755 1042 816 genialis
1053 752 1187 817 diretidcs,
1203 755 1300 803 multas

237 836 269 882 ⁸⁰
288 833 437 896 Oceanusque
445 832 526 896 pater]
542 831 651 895 Antiqui
661 831 733 882 Deos
769 828 876 878 heroum
887 829 983 892 figuras
991 829 1072 879 fuisse
1084 829 1161 891 dicit,
1173 835 1252 893 atquc
1262 827 1302 879 in·

205 923 302 969 omues,
316 914 397 973 palm
407 914 539 959 vocarunt.
556 909 595 958 sic
611 908 734 971 depellar,
770 909 812 954 ter
822 910 930 966 ceteras,
943 903 1036 953 'illesei
1050 903 1190 968 linquentis
1206 901 1302 955 Ariad-

203 982 280 1047 πω-ὴρ
290 984 375 1047 ἀνδρῶν
391 1002 419 1034 rs
436 987 548 1034 θεῦντει
567 984 605 1034 sic
621 982 735 1046 ‘Apollo
770 992 846 1027 nam:
865 977 933 1028 unde
951 987 1054 1042 surnpta
1065 978 1199 1028 occasione
1217 976 1303 1041 digre-

204 1059 299 1123 pater,'
325 1058 543 1123 ‘Liber'patcrss
570 1058 734 1121 ‘Neptunus
771 1052 843 1103 ditur
853 1054 886 1103 ad
897 1069 965 1117 eam,
976 1054 1031 1104 sive
1039 1055 1163 1104 Fabulam
1174 1053 1230 1104 sire
1240 1053 1303 1104 His·
1329 1062 1334 1069 ·

204 1132 301 1198 pater,'
317 1135 467 1184 ‘Vulcanus
478 1133 572 1199 pater,’
589 1134 680 1183 ‘Mars
692 1147 736 1197 pa·
771 1129 872 1191 teriam,
888 1129 1016 1180 fusimimc
1027 1129 1219 1194 explicandam.

204 1209 261 1270 ter,'
281 1209 415 1273 ceterique
435 1207 469 1258 ud
489 1207 601 1257 eundem
621 1208 735 1258 modum.
802 1211 835 1256 52
854 1206 923 1270 Dic]
941 1205 1020 1258 Naxi.
1273 1236 1276 1241 ·

205 1284 329 1334 bucillius
344 1283 371 1333 in
391 1284 499 1334 deornm
518 1281 644 1333 concilio:
669 1289 678 1313 ‘
697 1284 736 1332 Ut
803 1287 834 1331 56
853 1282 959 1331 Necdum
967 1282 1040 1331 etium
1054 1293 1146 1344 seleuse
1161 1280 1212 1345 arra]
1227 1279 1303 1344 Vigi-

205 1373 282 1410 nemo
291 1359 325 1408 sit
334 1366 460 1421 nostrum,
468 1359 530 1422 quin
541 1364 616 1420 pater
626 1353 735 1421 optimu'
771 1354 819 1416 lat,
837 1369 870 1403 an
889 1354 1011 1419 dormiat,
1030 1356 1129 1417 nescit3
1145 1369 1197 1404 non
1215 1354 1304 1407 credit

205 1432 308 1484 divum:
334 1434 372 1482 Ut
392 1432 528 1497 Neptunu’
547 1439 632 1495 pater,
648 1431 736 1494 Liber,
771 1443 868 1479 ecesse
884 1436 1029 1494 compotem
1047 1431 1101 1480 sni:
1118 1430 1233 1485 nondum
1244 1444 1303 1482 cre.

206 1507 328 1559 Sutnmn'
340 1513 427 1572 pater,
435 1504 736 1571 Mars,Janu'‚Qnirinn'
771 1504 833 1555 dere
844 1506 933 1569 audes,
944 1507 1011 1571 quod
1024 1506 1104 1570 videt,
1114 1507 1255 1571 insperatas
1264 1507 1303 1557 rei

206 1587 282 1644 nater
292 1597 387 1633 nomen
398 1583 520 1633 dicautur
531 1582 562 1632 ad
576 1580 672 1633 unum!
690 1582 735 1636 ssd
771 1582 888 1632 novitate
898 1581 1054 1647 stupefacta.

120 1714 122 1718 ¹
206 1656 736 1724 Oc'eanumprascipue,quud,ntaliciucn
804 1665 837 1709 58
853 1658 1127 1722 lmmcmcrcijcseuis]
1143 1658 1257 1710 Videtur
1267 1660 1304 1708 al·

205 1735 326 1796 diximus,
334 1748 407 1800 aquae
419 1749 505 1785 rernm
517 1735 630 1786 omnium
643 1735 737 1787 tribue·
772 1735 861 1786 ludere
888 1733 921 1784 ad
948 1749 1037 1784 eorum
1064 1734 1230 1796 sententiam,
1257 1734 1303 1798 qni
1345 1765 1348 1771 ·

206 1818 268 1862 runt
278 1810 463 1877 principatum.
773 1810 855 1871 alunt,
871 1810 969 1860 Bacchi
986 1809 1090 1860 numine
1104 1809 1225 1861 effectum
1237 1825 1305 1874 esse,

238 1891 270 1939 tl
289 1887 436 1950 Qucsimrrt]
452 1887 533 1936 Sinml
543 1893 622 1953 atquc
631 1886 737 1938 advenit
773 1893 804 1936 ut
821 1888 933 1951 Theseus
952 1900 1024 1937 nram
1044 1886 1154 1949 solvens,
1172 1884 1304 1935 Ariadnes

206 1967 326 2024 optatum
337 1961 402 2011 iilud
417 1968 518 2026 tempus
532 1961 660 2013 faciendis
672 1975 738 2028 nup·
773 1967 877 2030 penitus
893 1965 1089 2015 oblivisceretur
1098 1982 1109 2016 r>
1119 1965 1217 2028 itaque,
1231 1964 1304 2028 quod

208 2035 253 2090 tiis
265 2037 448 2089 constitutum.
703 2073 706 2077 -
773 2056 830 2092 eam
841 2041 984 2106 reliquerit,
994 2039 1123 2090 oblivione
1134 2045 1246 2100 tantum,
1261 2052 1306 2088 ea·

155 2127 159 2134 ·
237 2115 270 2162 lid
287 2113 358 2166 Dum
368 2112 454 2174 ferunt
461 2127 514 2176 proe
524 2112 561 2176 se]
580 2112 682 2165 Quibus
692 2128 738 2164 nn·
772 2132 823 2182 que
846 2117 969 2167 divinitus
987 2115 1107 2177 immissa,
1128 2130 1180 2165 non
1200 2115 1303 2177 ingrato

204 2201 263 2244 uam
274 2194 381 2250 nuptam
392 2195 599 2242 munerarentur.
774 2194 867 2252 auimo,
884 2191 1015 2241 effectum.
1055 2192 1122 2240 Vide
1140 2190 1304 2241 'l'ncncritnna

237 2267 270 2313 86
287 2262 475 2327 Germanisque
493 2265 582 2328 domos,
601 2280 630 2315 ae
649 2264 738 2332 altenis
773 2267 993 2329 Pharmacentria,
1011 2272 1039 2316 et
1055 2265 1082 2317 in
1099 2280 1158 2316 cnm
1174 2279 1304 2317 commen·

204 2337 331 2400 medua]
354 2338 421 2388 Haec
440 2345 501 2389 sunt
523 2347 634 2390 vetustae
656 2341 737 2404 scrip·
774 2343 863 2395 tarius.

206 2412 738 2483 tummecannonotatiriibris,misera·
806 2422 837 2467 til
854 2418 971 2468 Smecrd
982 2417 1081 2483 effigies]
1102 2415 1304 2468 Summaviaest

180 2502 185 2512 ·
207 2484 294 2545 bilitcr
314 2484 458 2549 depravata
479 2487 598 2555 vestigia.
641 2488 739 2540 Petrus
773 2492 800 2542 in
811 2493 860 2543 liac
871 2493 1080 2555 comparatione:
1098 2492 1209 2555 primurn
1223 2493 1304 2554 enim,

204 2558 338 2609 ,Victorius
349 2560 496 2621 suspicatur
512 2561 626 2631 priorem
636 2568 738 2626 partem
774 2569 843 2633 qnod
858 2569 995 2619 bacchanti
1009 2568 1142 2619 Ariadnen
1158 2577 1304 2633 comparat,

205 2631 244 2681 ita
255 2631 399 2692 tegendam,
409 2633 665 2698 crumenarum.
681 2651 738 2700 nos
774 2643 903 2709 significat
913 2659 968 2694 eam
981 2651 1009 2694 et
1018 2645 1101 2707 vultu,
1115 2651 1143 2694 et
1154 2643 1237 2693 totius
1248 2659 1306 2695 cor·

208 2704 329 2754 terionem
351 2716 413 2752 varo
433 2717 484 2752 non
510 2705 574 2753 nulli
599 2712 738 2760 restituere
775 2719 930 2782 porisgestu
949 2719 1064 2769 rabidum
1079 2719 1307 2784 quendumconei.

206 2778 301 2840 cenati,
312 2777 411 2863 legunt,
423 2783 446 2826 el
456 2777 539 2827 mnia
548 2779 675 2832 Lurimd·
687 2795 737 2846 ⁰3⁰
774 2791 863 2840 citatae
871 2792 964 2842 mentis
973 2795 1092 2842 ardorem
1101 2808 1155 2856 prae
1164 2810 1192 2844 aa
1201 2796 1306 2848 tulisset

187 2860 327 2904 *neutram
348 2859 527 2915 conjecturam
546 2855 682 2919 improbos
709 2863 737 2908 et
775 2867 1305 2933 quodantemaddit,‘saxeameffigiesn,'

205 2936 303 2992 tamen,
321 2927 383 2978 dum
405 2928 525 2979 meliores
545 2930 624 2981 libros
644 2938 736 2982 nactus
774 2944 874 2991 tantam
887 2942 937 2990 vim
950 2942 1044 2993 doloris
1060 2942 1259 3008 retrectantem,
1275 2952 1304 2998 nt

203 3005 306 3071 fuerim,
327 3005 389 3057 nihil
408 3006 443 3056 de
461 3005 511 3057 isse
530 3008 588 3060 luco
608 3007 736 3064 affirmare
774 3014 914 3080 dinneque
930 3031 1034 3067 movere
1045 3032 1073 3067 ee
1085 3019 1303 3085 potuerit‚neqne

209 3081 301 3135 audeo.
770 3089 800 3138 in
822 3090 899 3139 ullam
924 3105 1016 3142 vocem
1039 3107 1192 3157 emmpeic3
1219 3097 1304 3150 omnis

202 3207 206 3211 ,
235 3161 268 3207 88
290 3158 358 3206 itam
378 3159 435 3207 colit
454 3157 532 3222 anno]
560 3158 736 3230 Feriubantur
773 3164 1305 3233 enimimmodicaaffcctioeteriperem·

204 3245 303 3293 omnes,
320 3238 429 3297 prepter
440 3233 588 3296 nuptiarum
598 3235 735 3286 celebritas
772 3239 934 3303 clausuram,
950 3243 1101 3293 stemnium
1117 3245 1233 3308 corporis
1244 3261 1303 3310 par·

208 3307 270 3356 teni.
758 3313 837 3369 ,tium
848 3314 994 3366 functiones
1010 3317 1136 3381 impedire
1154 3320 1188 3369 ad
1199 3326 1303 3385 tempus

203 3428 208 3436 ,
234 3383 266 3428 dl
284 3378 487 3443 Ipsimntsedcs]
511 3380 646 3433 Describit
664 3400 734 3448 mag·
771 3390 846 3438 solet.
864 3397 942 3454 atque
960 3391 1009 3442 linc
1027 3393 1146 3443 nimirum
1163 3399 1215 3457 cst,
1233 3397 1303 3460 quod

204 3453 360 3511 nificentiam
371 3463 511 3520 apparatus
523 3457 616 3507 aedium
628 3458 712 3510 Pelei.
773 3447 875 3515 Niolseu
886 3466 987 3530 Poeta,
1002 3482 1059 3517 cnm
1071 3467 1137 3516 filios
1148 3482 1208 3518 suos
1220 3468 1302 3534 Apol-

236 3528 354 3592 Recessit]
364 3529 519 3581 Interiorem
528 3539 632 3595 partem
640 3533 734 3591 mdium
770 3540 828 3590 linis
845 3548 873 3591 et
891 3542 984 3592 Dianas
1003 3543 1104 3606 sagittis
1119 3542 1252 3594 confessos
1264 3547 1302 3595 ci-

203 3603 338 3668 siguificat.
355 3606 393 3657 sie
404 3606 514 3672 Seneca,
529 3608 536 3636 ¹
547 3608 579 3656 In
588 3609 668 3659 muita
678 3624 734 3674 spa·
771 3613 855 3679 deret,
869 3616 1011 3679 obriguisse
1022 3617 1048 3666 in
1059 3616 1174 3681 lapidem
1183 3615 1302 3670 fabulan-

202 3679 240 3733 tir
262 3678 373 3731 discedit
395 3681 502 3738 domun
530 3681 734 3736 Arcanainimo
770 3695 827 3739 tur.v
1204 3721 1206 3725 >

85 3751 108 3818 „⁴
202 3755 274 3820 regia
291 3769 393 3807 recessu
410 3754 501 3819 patet?
533 3759 631 3807 Locum
648 3765 734 3812 autem
802 3769 835 3817 62
853 3767 1304 3837 Etmcgnissurunsmstnctuctusdis]

203 3831 271 3883 hunc
289 3831 404 3880 imitatus
424 3830 526 3882 videtur
541 3834 665 3898 Virgilius
686 3836 734 3886 sub
770 3840 851 3891 Hunc
867 3843 952 3891 locum
963 3843 1079 3892 imitatus
1092 3843 1197 3893 videtui·
1208 3845 1304 3910 virgil.

202 3907 279 3958 linem
291 3909 347 3960 AEn.
359 3923 379 3960 1.
396 3909 404 3936 ‘
416 3909 454 3960 At
465 3908 554 3959 dumus
570 3910 678 3962 interior
694 3927 733 3962 re·
769 3916 871 3966 ‘Saevit
882 3933 963 3980 amor,
978 3932 1121 3984 magnoque
1131 3920 1227 3972 irarum
1237 3920 1303 3974 duc·

204 3984 255 4046 gali
276 3983 412 4046 splendide
431 3983 493 4032 luxu
513 3983 663 4050 Instruitur,
681 4001 733 4036 me·
771 3992 919 4042 tnataestuff

203 4061 301 4124 diisque
321 4068 414 4124 parant
426 4060 544 4111 convivia
556 4062 640 4112 tectis.
667 4060 733 4114 Arte
802 4069 833 4114 65
851 4065 973 4131 Strophio]
990 4069 1100 4131 Nonius,
1110 4071 1119 4098 ‘
1129 4072 1302 4136 Strophium,'

160 4193 163 4198 .
203 4133 326 4187 laboratae
350 4143 444 4203 vestes,
469 4143 592 4203 ostroque
613 4138 734 4205 superbo,
770 4140 863 4206 inquit,
880 4142 940 4193 ‘est
958 4143 1039 4193 fascia
1054 4145 1151 4211 brevis,
1170 4162 1229 4211 qua
1249 4151 1303 4208 virs
