2752 4694
181 329 247 396 658
419 346 549 396 seusu.
572 345 697 395 suurn
722 348 1024 400 conuunrsntus
1204 315 1220 343 ⁸

182 502 255 546 seret
282 486 385 539 nurui
412 487 490 539 nasse
518 492 579 538 ente
603 489 710 553 dixerit,
748 496 826 553 spuet
845 491 954 541 invisum
966 492 1038 556 justa
1048 492 1160 543 cadaver
1169 493 1279 556 isumus,

181 566 266 629 espido
289 565 433 631 Μὴν.
475 564 519 613 Sic
543 578 605 614 vero
632 565 711 614 esriss
749 564 884 629 Unguibus
895 574 923 616 et
934 575 1018 617 rostro
1029 569 1120 618 turdus
1135 568 1222 618 trahet
1233 570 1281 621 iiia

181 656 249 704 esre,
257 639 329 704 qussi
338 639 631 703 proverbio‘dicebatur,
640 642 710 705 qnod
748 642 844 703 vultur,
856 642 892 692 Et
902 642 1020 692 scindent
1031 641 1102 692 avidi
1113 641 1214 706 perfida
1223 657 1281 694 cor-

183 716 232 766 sibi
249 715 420 777 gratissimum
434 714 643 779 carissimamque
654 729 710 764 esee
748 715 782 765 ds
793 715 889 766 canes?

181 790 368 855 significabant.
384 790 480 840 tibuit.
498 790 542 840 lib.
562 804 581 841 1.
597 791 710 840 ‘Carior
780 791 907 853 sitingen
918 791 1023 855 exsecto]
1047 791 1080 842 Iu
1099 793 1280 858 manuscriptis

183 874 225 916 est
245 880 307 915 suro
325 865 439 929 juvenis,
458 865 501 914 cui
522 865 591 913 levis
609 864 710 928 strigent
748 866 989 928 omnibns,e.teerto.

183 941 248 1004 Ora,
257 955 306 990 uec
323 941 456 1004 ampiexus
468 953 561 1002 aspera
577 940 656 989 barba
672 946 710 990 tc·
781 946 796 990 o
816 939 921 1004 Effoseos
937 943 1013 991 ocutos
1029 948 1095 992 eoret
1112 949 1166 993 otro
1177 950 1279 1007 guttere

163 1010 167 1017 “
183 1015 236 1067 rit!
748 1017 843 1081 mess]
859 1018 891 1066 In
903 1017 995 1068 Petav.
1006 1022 1279 1084 proponeremus

215 1097 232 1141 6
249 1090 338 1141 Omiisi
348 1088 711 1153 mranngiseondidiereseto]
747 1093 893 1156 legebstur.

183 1170 217 1220 Iu
234 1168 426 1231 manuscriptis,
444 1167 519 1217 Nebis
536 1183 550 1216 o
565 1169 624 1218 isree.
665 1170 710 1230 Et,
1109 1181 1112 1187 ·

185 1243 360 1306 Netinisscern.
392 1243 458 1292 Mihi
468 1242 572 1308 quidem
584 1243 711 1307 suspicari
892 1219 1045 1272 CARMEN
1061 1222 1132 1273 CIX·

183 1320 211 1369 in
232 1325 345 1369 mentem
365 1326 483 1378 venerut,
505 1319 597 1368 deesse
616 1333 712 1381 versus,
780 1320 1278 1386 turquensnerettssmteesetms]

184 1396 229 1460 qni
249 1403 426 1460 sequerentur.
448 1395 577 1445 Martialis
597 1395 712 1445 imitatus
749 1395 792 1445 Sic
809 1398 913 1446 Terent.
935 1395 1060 1445 Eunucho
1080 1395 1227 1459 loquitur,‘
1248 1397 1279 1447 Si

183 1472 315 1521 iniib.1v.
332 1470 428 1520 ‘iisne
446 1469 529 1520 iucem
546 1471 632 1520 lactea
642 1486 712 1535 gem·
749 1472 817 1523 istuc
836 1473 969 1524 crederem
986 1472 1086 1522 sincere
1103 1472 1165 1533 dici,
1175 1473 1279 1537 quidvis

181 1546 327 1598 snsuotet!
749 1562 852 1612 possem
873 1547 995 1613 perpeti*
1031 1549 1071 1598 Ex
1091 1549 1170 1597 unisse
1189 1555 1278 1598 antem

215 1629 231 1674 t
250 1623 310 1680 Quis
319 1638 356 1672 sae
365 1638 411 1672 aas
422 1621 595 1683 risitseis'eior,
610 1628 652 1673 ost
662 1638 711 1674 ats-
749 1624 844 1686 dicere,
854 1623 881 1672 id
893 1625 988 1674 Graece
999 1629 1049 1684 est,
1059 1620 1105 1671 ἀπὸ
1115 1620 1216 1686 καρδίας.
1234 1623 1279 1673 Sic

181 1701 223 1763 gis
239 1700 283 1750 iac
303 1705 339 1748 ett
359 1700 484 1762 Opicum
497 1699 548 1747 sits
564 1699 642 1748 dicere
659 1701 712 1762 quis
750 1707 824 1748 vetus
842 1699 938 1749 Poeta:
955 1697 989 1747 Ἦ
1006 1698 1052 1759 μὴν
1069 1698 1127 1762 ἐρεῖν
1138 1697 1178 1746 σοί
1195 1697 1220 1745 τ’
1229 1697 1279 1747 ἀπὸ

181 1775 281 1840 poterit]
299 1775 330 1823 In
342 1773 523 1836 manuscriptis
534 1772 712 1834 omuibus,otst
749 1773 850 1837 septies,
874 1778 955 1838 σαφῶς
973 1772 1012 1824 rei
1030 1773 1063 1836 μὴ
1081 1772 1278 1838 ’τίτηδεεμήδεη

182 1851 259 1911 nugis
269 1865 306 1898 sse
316 1853 361 1910 est,
370 1848 435 1910 sive,
445 1862 514 1909 mage
524 1862 560 1895 tue
576 1852 621 1896 eet.
654 1849 711 1911 Ego
748 1850 805 1900 ἀλλ’
816 1850 872 1900 ὅσον
882 1854 965 1914 φρονῶ.

183 1939 246 1974 veto
273 1923 397 1986 scriptum
419 1921 499 1971 fuisse
524 1922 647 1986 suspicor,
668 1926 710 1970 ortt
780 1933 795 1977 5
816 1928 851 1977 Ut
865 1927 1012 1978 ιέςωεηοὸὶι
1027 1928 1212 1990 recuperarem
1226 1926 1280 1977 situ

182 1998 256 2062 mei
265 1999 299 2048 sss·
309 2014 358 2049 me
370 2000 507 2062 Optsstsm
521 1999 548 2047 ts
564 1997 623 2056 sin,
633 1998 711 2047 risere
748 2001 887 2066 Atterssm]
903 2004 938 2053 ln
949 2001 1139 2066 manuscriptis,
1155 2005 1207 2051 tota
1221 2016 1278 2066 pro-

182 2076 351 2140 qtridpoteritt
366 2082 408 2124 eat
418 2074 485 2124 euim
497 2074 605 2138 planior,
613 2078 642 2122 et
652 2088 711 2123 con·
747 2080 830 2128 daem
840 2081 890 2129 sita
901 2080 1035 2140 AEterrnas,
1044 2078 1084 2139 pc.

182 2151 283 2201 cinnior
299 2150 438 2214 sententia,
454 2164 504 2200 uec
522 2151 624 2213 iunges
635 2149 712 2198 vesti·

182 2225 527 2290 giisseteris,quaecnmque
544 2224 604 2285 fuit,
623 2224 711 2274 iectio-
899 2203 1052 2257 CARMEN
1072 2202 1130 2254 cx·

181 2301 221 2350 uis
232 2300 351 2351 discedit.
384 2302 471 2350 Piant.
490 2307 577 2351 autern
595 2300 712 2364 inCapt.
780 2302 920 2365 tiitpuod
935 2300 1127 2365 promittemus
1144 2302 1280 2364 quodum·

182 2377 209 2427 in
221 2377 328 2426 eundern
346 2376 514 2437 sententiam,
531 2376 617 2426 ‘Quoi
632 2376 712 2425 homi·
747 2378 900 2427 tituittimien
907 2377 943 2440 es]
957 2376 1279 2440 Qsmpmnntrtstqsot

182 2466 244 2501 num
255 2452 362 2516 adseque
371 2466 447 2501 nemo
455 2452 519 2501 vivit
529 2451 684 2502 fortunatior
693 2452 711 2502 :'
748 2454 847 2504 mentita
856 2469 898 2503 es:
915 2453 1024 2517 primum
1036 2453 1128 2502 scelus.

182 2534 213 2576 nt
223 2534 316 2578 contre
325 2529 352 2576 itt
364 2527 494 2591 Amphitr.
515 2529 523 2557 ⁴
536 2528 660 2578 Quisnam
671 2542 712 2578 uto
780 2532 796 2577 t
815 2530 931 2584 Quotiees
941 2526 1084 2589 rursm]
1101 2526 1222 2576 Alterum
1233 2524 1280 2576 tta-

181 2602 279 2653 Thebis
287 2604 355 2652 alter
366 2603 431 2652 vivit
440 2603 557 2652 miserior
564 2601 583 2651 i'
749 2602 849 2666 gitium.
883 2604 914 2652 In
923 2602 1101 2665 manuscriptis
1112 2604 1279 2665 senticosior,
1324 2604 1330 2615 “

747 2677 1279 2815 :attuttrssttitstttt:

215 2835 229 2880 t
247 2828 328 2879 Sicori
343 2829 456 2892 arbitrio]
479 2829 510 2878 In
523 2830 713 2896 manuscriptis,
748 2834 833 2890 cutus,
845 2827 975 2891 exprimit.
1008 2826 1242 2877 AuctorCnrnrinis
1252 2828 1280 2877 in

182 2905 225 2954 ste
243 2904 332 2955 homini
346 2905 456 2968 populari
475 2905 574 2955 arbitrio
581 2921 590 2963 ,·
606 2907 632 2955 iu
644 2906 711 2970 aliis,
748 2903 871 2967 Priapum
893 2903 973 2952 verbo
994 2901 1103 2951 ‘dandi'
1127 2901 1164 2950 sic
1184 2901 1279 2965 utitur,

182 2981 223 3031 Sic
238 2981 328 3031 horum.
361 2980 518 3030 Emendavit
535 2981 711 3044 Hieronymus
748 2978 891 3030 ‘Quadam
903 2978 925 3027 si
937 2978 1024 3040 piacet
1042 2978 1090 3026 hoc
1109 2977 1155 3026 tibi
1171 2976 1280 3041 Priape,

181 3055 319 3118 Aventius,
338 3055 369 3104 Si
392 3056 486 3104 Comini
505 3056 606 3104 arbium
622 3055 712 3120 popuii,
747 3054 908 3103 Ficosisaima
925 3067 966 3101 me
983 3053 1068 3116 puella
1083 3052 1159 3114 indit,
1176 3052 1211 3100 Et
1228 3067 1278 3103 nec

181 3131 318 3193 incertum,
332 3145 364 3180 an
374 3139 447 3181 vetus
459 3131 711 3195 exempisrsecutns.
748 3126 796 3178 slat
817 3128 878 3176 mihi
894 3141 943 3176 nec
965 3132 1046 3189 neget
1061 3126 1201 3176 daturam!
1232 3128 1278 3176 Sic

181 3204 233 3255 Sed
245 3219 372 3269 caussam,
383 3218 431 3254 cur
440 3219 487 3254 sno
498 3206 556 3254 loco
569 3205 649 3254 verbu
659 3220 711 3255 mo·
747 3197 1002 3268 xapiseotstraecis
1020 3201 1099 3266 sopior
1113 3201 1143 3250 rit
1154 3200 1279 3251 mosoni-

165 3284 301 3340 ·ieautur,
312 3294 364 3329 non
383 3279 467 3328 video.
499 3278 649 3341 Legendum
664 3280 711 3343 igi·
747 3276 910 3341 ζεινλόγσα,
919 3285 949 3326 ut
960 3277 1053 3328 scribit
1062 3279 1196 3342 Interpree
1214 3280 1279 3330 Pin·

181 3352 235 3416 tur,
246 3353 276 3402 Si
289 3353 383 3403 Comini
391 3353 472 3418 populi
483 3352 593 3403 arbitrio.
747 3355 813 3406 dari.

207 3428 297 3484 &Quis
305 3430 409 3492 primam
417 3428 512 3482 morice
519 3428 639 3491 mmm]
649 3430 712 3479 Loci
779 3429 1030 3495 Soepesociafost'sss]
1045 3431 1090 3480 Sic
1101 3430 1190 3481 Pnut.
1206 3432 1278 3481 Mos-

181 3505 275 3555 simiies
295 3512 355 3556 eunt
366 3505 436 3569 apud
456 3506 550 3555 Horat.
567 3520 595 3556 v.
613 3505 666 3556 Od.
685 3513 710 3558 5.
747 3506 792 3556 tei.
804 3507 926 3570 loquitur,
937 3507 1059 3569 ‘Habeo,
1071 3507 1204 3570 Neptune.
1215 3507 1277 3557 Non

178 3581 272 3632 ‘Post
291 3581 422 3645 insepulta
448 3581 562 3631 membra
589 3579 711 3633 different
747 3580 800 3631 dici
816 3587 904 3645 potest
925 3597 1000 3646 quam
1022 3581 1156 3645 indiguum
1175 3580 1278 3634 facinus

178 3657 244 3721 tupi,
261 3657 296 3706 Et
316 3655 456 3722 Esquilinae
475 3655 575 3706 aiitost’
598 3663 627 3706 et
640 3657 710 3720 apud
746 3654 839 3717 fecisti,
855 3662 884 3706 et
903 3656 1022 3707 msiums'
1039 3664 1067 3706 ct
1086 3658 1174 3708 Auiul.
1195 3657 1277 3721 ‘Hei

179 3734 259 3788 Ouid.
269 3735 296 3785 in
306 3734 375 3798 Ibin,
390 3735 469 3784 ‘Sive
481 3749 528 3799 per
537 3735 647 3785 imensss
653 3735 710 3798 jac·
746 3732 898 3795 Megadore,
905 3732 973 3783 haud
980 3732 1102 3783 decorum
1111 3732 1213 3782 facinus
1224 3733 1277 3783 ruis

178 3812 253 3863 uber
277 3811 416 3877 naufragus
444 3812 535 3874 undas,
560 3812 709 3875 Nostraque
746 3806 824 3858 factis
840 3806 932 3859 facis:’
962 3814 991 3858 et
1007 3814 1068 3858 ente
1085 3810 1157 3858 illuns
1176 3808 1277 3858 Ennius

179 3887 331 3952 longinquus
342 3888 442 3938 viscere
459 3886 537 3950 piscis
555 3885 632 3945 eicit
649 3884 709 3933 Sive
745 3881 814 3934 Anu.
828 3897 877 3932 vu.
893 3884 948 3933 ‘Ut
965 3882 1065 3934 faceret
1078 3882 1194 3945 facinus,
1209 3883 1277 3933 levit

180 3962 323 4026 peregriua
335 3967 445 4025 esrpent
464 3974 522 4009 mes
538 3959 652 4008 membra
667 3973 709 4009 vo-
744 3957 1004 4009 issudmsiusidems'
1034 3957 1103 4025 Ptin.
1122 3958 1186 4008 Not.
1203 3957 1277 4011 nist.

179 4035 276 4096 iseros,
298 4036 358 4086 Sive
379 4050 437 4086 meo
463 4036 564 4098 tingeut
584 4033 709 4097 sauguine
745 4032 791 4083 lib.
803 4046 907 4085 xxxin.
929 4047 978 4096 cap
991 4036 1015 4081 ³.
1034 4031 1141 4096 aliisque
1158 4032 1185 4082 iu
1199 4031 1277 4095 iocis,

179 4116 265 4160 rostra
275 4110 328 4173 lupi
338 4114 353 4159 :’
370 4126 401 4160 ac
419 4117 488 4174 post,
504 4113 511 4138 ‘
525 4110 592 4172 ipen
604 4114 631 4159 te
642 4107 708 4171 fugi-
744 4108 753 4137 ⁴
763 4107 845 4157 scelus
856 4105 956 4156 iscere'
965 4108 1002 4158 sic
1013 4106 1090 4156 dixit.

180 4191 234 4246 eat,
244 4199 301 4252 qun
312 4191 422 4251 carpunt
432 4184 517 4236 omnia
528 4182 647 4247 flamme,
658 4184 708 4235 lie·
777 4189 793 4234 6
809 4185 878 4236 Dato
887 4183 1015 4249 corripere]
1032 4184 1064 4235 id
1074 4190 1124 4247 est,
1133 4183 1209 4236 dene.
1221 4184 1276 4247 Sic,
1357 4237 1360 4242 ,
