2752 4694
552 343 555 349 ·
623 335 711 389 tuus
735 334 866 385 nouum
903 306 906 311 ’

200 323 368 388 670’

200 497 235 534 ex
249 481 341 533 eodem
356 479 479 531 Lurmtio
494 478 539 528 lib.
552 491 590 528 vr.
609 483 729 539 canente,
765 475 868 540 spiciti’
891 484 975 542 neque
991 476 1063 527 atiud
1078 483 1154 528 sonat
1164 477 1301 532 Paroraia

199 557 385 611 ‘Quamt'rets
398 557 494 607 circum
510 554 729 617 Ferrisenntgra·
765 551 811 603 iila
832 552 945 616 po‘e'tiea,
966 553 1069 602 ‘Deme
1090 554 1228 615 supercilio
1248 566 1299 605 uts-

202 635 271 685 viter
287 632 446 698 spirantibus
464 629 546 681 incita
561 627 666 681 flabris:
684 630 729 691 Et,
764 628 849 678 hemz’
872 629 959 691 idest,
978 629 1146 692 asperitatem
1163 643 1196 679 aa
1214 629 1299 681 tristi·

202 708 397 775 quecunquein
414 721 446 756 eo
460 712 515 756 tum
531 711 592 754 suut
602 704 731 768 deprensa
766 705 838 755 tiam.
869 706 967 755 Eadem
978 703 1061 754 fastus
1073 711 1101 753 et
1115 703 1243 768 superbire
1254 720 1299 756 se·

202 785 314 835 tumultu
325 783 443 845 Navigia,
452 781 478 830 iu
489 794 615 830 summum
623 778 731 831 veniunt
767 780 822 831 des.
847 782 988 831 Petronius
996 780 1030 830 de
1037 779 1141 843 Ascylti
1151 779 1299 845 transfuga,

203 856 448 922 rexatnpericlurn.'
480 855 532 905 Sed
544 867 730 919 nequeeupers
766 855 870 904 nimium
878 855 1211 918 delicatopueroGitoue,⁴
1221 856 1299 907 Post·

203 934 338 997 elegantiae
356 932 430 981 istius
449 931 540 981 unicus
556 929 601 978 ille
619 927 674 990 (vet
684 930 731 978 'l'a-
766 944 842 994 quem
854 945 883 980 se
893 928 974 980 amari
984 931 1073 993 sensit,
1083 931 1249 993 supercilium
1260 933 1300 982 al·

201 1009 255 1058 cito
266 1005 344 1072 teste)
356 1005 492 1070 elegantiae
503 1004 610 1068 arbiter,
627 1005 653 1053 iu
664 1003 731 1054 Poi-
767 1006 819 1055 tins
837 1007 957 1067 sustulit3
980 1021 1029 1056 uec
1047 1006 1141 1056 amoris
1159 1005 1297 1059 arbitrium
1324 1001 1329 1005 ⁴

202 1089 271 1133 mate
292 1083 336 1132 illo
355 1096 417 1132 rere
436 1080 560 1141 Hernico,
576 1080 731 1130 ‘Praeterea
767 1081 800 1131 ad
820 1080 898 1132 alium
911 1082 1029 1146 jndicem
1042 1083 1125 1132 tulit.'
1158 1083 1238 1147 Cujus
1255 1084 1298 1135 rei

202 1158 304 1221 gemino
324 1158 476 1223 deprensam
495 1155 598 1221 gurgite
617 1155 730 1220 praedam
767 1156 1096 1221 explanationemsi’liuio
1108 1165 1182 1222 petas
1192 1159 1302 1224 licebit,

202 1234 319 1286 Foenoris
328 1233 464 1298 ingluvies,
480 1245 592 1298 ususque
606 1231 734 1281 exederat
766 1231 811 1283 llb.
821 1245 861 1281 ιι.
872 1246 896 1281 a.
907 1236 948 1281 tlt.
960 1235 968 1263 ⁴
979 1232 1096 1283 Fronset
1104 1233 1178 1295 aliis3
1194 1233 1304 1284 sedum·

203 1309 277 1360 eris!
293 1310 336 1360 ubl
352 1308 451 1372 ‘usus,’
471 1323 519 1373 pro
535 1307 646 1358 ‘usura'
659 1318 732 1358 amr·
766 1306 829 1356 mini
839 1311 939 1356 tautum
951 1308 1075 1369 tristitiae,
1084 1307 1233 1372 hilaritatis,
1242 1309 1297 1359 ele·

203 1394 292 1449 patum
301 1385 426 1450 suspicari
437 1385 517 1435 lubet.
535 1384 663 1434 Horatlns'
669 1397 730 1448 qno·
766 1382 1129 1443 mentimsereritatisiudex.
1143 1383 1296 1434 lnasaeusu

202 1476 253 1525 que
263 1462 373 1524 simplici
385 1476 432 1523 pro
443 1461 590 1524 composito
602 1475 678 1510 ausus
689 1465 731 1509 est
766 1457 821 1520 ejus
839 1457 978 1520 supercilia
995 1457 1092 1506 homiui
1103 1463 1132 1506 et
1154 1458 1255 1521 pariter
1266 1465 1297 1508 et

203 1536 242 1585 uti
250 1549 282 1586 rr.
294 1535 346 1585 od.
358 1539 397 1587 16.
412 1534 525 1585 ‘Otium
534 1532 606 1585 dlsos
617 1543 693 1599 rogat
703 1535 730 1584 lu
766 1531 866 1587 alterne
877 1530 980 1581 mobilia
990 1547 998 1581 z
1015 1537 1043 1582 et
1052 1531 1078 1582 in
1089 1532 1121 1582 iis
1132 1547 1192 1595 pars
1206 1534 1296 1586 animi.

202 1612 304 1676 patenti
325 1612 440 1662 Pressas
457 1610 556 1676 Em,
579 1611 654 1661 simul
674 1616 731 1662 stra
766 1605 908 1668 Negamus,
927 1605 1067 1656 annuimus.
1098 1606 1166 1657 Huc
1183 1607 1299 1658 maxima

202 1688 284 1738 nubes
304 1688 427 1738 Condidit
443 1687 619 1749 ωηιξη.
634 1686 730 1750 ‘purn-
765 1679 989 1730 indicantfestum.
1010 1680 1139 1744 Superbia
1148 1681 1226 1730 aliubi
1236 1695 1299 1732 ean·

202 1762 264 1825 sns,’
275 1763 343 1812 enim
355 1777 402 1825 pro
412 1761 421 1790 ‘
430 1760 589 1826 deprensus‚'
601 1761 730 1824 positum:
765 1756 938 1819 ceptscnlum,
948 1755 993 1804 scd
1004 1756 1047 1806 hie
1058 1755 1146 1805 sedem
1155 1757 1245 1806 habet.
1263 1757 1297 1808 irs

201 1838 316 1900 hocest,
333 1837 471 1897 sublimet
489 1837 561 1886 velut
579 1850 613 1886 ex
631 1835 730 1885 insidiis
765 1832 1296 1898 eordenaseitur,lrncsuhit,lricpendet.'

108 1914 112 1920 '
202 1912 579 1975 circumraatneatempestste
587 1911 730 1974 derepente
765 1906 935 1959 Du‘sronte'
952 1907 1051 1970 addidi,
1066 1909 1199 1959 luvenalis
1216 1923 1299 1960 asnaa

202 1993 308 2048 coorto}
340 1989 414 2052 quasi
442 1988 512 2038 dicas
539 1987 730 2052 interceptum:
765 1983 885 2043 maxime,
904 1997 954 2046 quo
973 1983 1097 2034 videlicet
1114 1982 1297 2048 pervolgatum

202 2072 267 2127 qud
282 2062 305 2114 si
324 2063 432 2127 propius
455 2062 620 2128 penitinsque
641 2063 730 2126 explo-
765 2057 830 2108 iliud
839 2073 872 2108 ex
883 2057 1004 2107 Pliniana
1019 2058 1224 2109 consideratione
1244 2061 1298 2124 pla·

203 2138 262 2191 ratu
279 2138 446 2203 interpretes
463 2137 545 2188 nostri
572 2138 731 2201 habuissent,
766 2147 828 2182 uum
846 2131 970 2194 facerem,
986 2134 1097 2183 ‘Fronti
1115 2134 1187 2183 nulla
1203 2134 1297 2196 tides3'

202 2226 326 2264 censesne
334 2212 380 2263 hos
391 2228 502 2279 nuquam
510 2227 542 2263 eo
551 2226 580 2263 se
588 2213 730 2277 incogitata·
767 2207 813 2257 sed
824 2213 853 2256 et
862 2207 1004 2270 Martialis,
1019 2209 1027 2236 ‘
1040 2206 1132 2260 Nolito
1148 2206 1229 2262 fronti
1240 2222 1297 2260 are·

202 2285 247 2336 tias
263 2285 344 2337 suisne
359 2286 524 2351 demissuros,
539 2295 569 2338 ut
584 2287 732 2352 ‘prensus,'
766 2283 847 2335 dere:
864 2283 953 2348 nupsit
962 2284 1036 2337 hari'

202 2361 333 2426 ‘captus'
360 2362 610 2427 interpretarentur?
643 2362 731 2415 Quid?
998 2402 1000 2405 .
1095 2398 1100 2406 .

202 2451 235 2486 au
254 2451 306 2486 non
324 2438 404 2486 satius
421 2439 517 2500 tuerat,
535 2437 640 2486 Veteris
656 2437 732 2489 Com·
926 2410 1048 2465 CAPUT
1065 2413 1130 2463 VH‘

202 2512 355 2571 mentatoris
374 2513 528 2563 seutentiam
546 2512 628 2578 sequi,
648 2512 732 2576 hujus·

202 2587 305 2637 cernodi
318 2587 413 2637 'verbis
433 2587 603 2650 conceptam?
628 2588 733 2637 ‘Pren-

198 2677 263 2725 sus,
289 2662 354 2710 bene
374 2676 491 2725 prensus,
511 2662 583 2727 quasi
600 2661 733 2726 naviganti

202 2751 273 2788 mare
285 2736 319 2786 sit
329 2736 477 2788 insidiatum
493 2737 604 2788 sereno!
637 2737 670 2787 in
681 2753 731 2802 qua

202 2812 416 2877 interpretatione
436 2813 502 2862 bene
517 2806 605 2863 'omnis
625 2822 732 2878 praeter,

92 2899 95 2906 “
200 2886 229 2936 rh
240 2890 248 2916 ‘
259 2885 341 2952 hene,'
358 2887 456 2937 habere
468 2888 600 2949 videntur,
617 2888 685 2954 quod
697 2890 730 2939 ad

202 2965 357 3015 maritimam
369 2965 566 3028 prehensiouem
581 2965 657 3017 istam
669 2967 731 3032 quid

200 3038 291 3103 facist,
305 3041 404 3091 nescio.
437 3042 504 3090 Mihi
516 3047 586 3092 carte
597 3041 667 3091 haud
679 3057 731 3091 me·

202 3115 325 3165 diocriter
343 3116 375 3166 de
394 3116 486 3166 mendo
505 3123 669 3179 suspectum:
688 3130 732 3166 ne·

202 3203 259 3253 que
269 3189 335 3240 adeo
353 3190 454 3252 dubito,
470 3191 534 3255 qttiu
548 3192 556 3219 ‘
569 3204 644 3256 praue
656 3205 732 3255 pren·
762 3211 770 3227 ·

202 3262 263 3322 sus,'
282 3278 333 3313 non
349 3264 454 3326 ‘haue,'
473 3266 607 3329 scripserit
617 3267 732 3330 explica-

203 3344 258 3397 tor3
281 3337 359 3400 idque
376 3338 513 3388 admodum
530 3353 576 3389 nno
591 3339 634 3390 hic
651 3339 731 3390 fuerit

202 3411 270 3472 loco,
285 3413 376 3476 utique
388 3413 420 3463 ad
432 3414 558 3476 opinionis
569 3422 665 3468 nostrae
680 3423 731 3466 sta·

766 2509 775 2538 ⁴
789 2509 877 2559 Visum
889 2509 985 2560 ducere
994 2511 1027 2561 ud
1041 2511 1171 2575 aliquem!
1185 2512 1300 2566 ‘obdu-

800 2584 912 2635 rarese.'
929 2587 1222 2651 ‘Myrmiceincedere.'
1237 2592 1298 2641 ‘Ex

799 2666 844 2710 tua
864 2660 990 2712 libidine!
1021 2662 1110 2713 ‘Urbs
1126 2663 1298 2730 oblitissimn,’

799 2736 908 2801 perinde
930 2737 1009 2799 dieta,
1029 2739 1077 2801 uti,
1094 2738 1235 2790 ‘Oblitmn
1257 2743 1298 2805 lu.

799 2811 904 2875 panar2'
920 2812 1088 2877 ejusdemque
1102 2814 1221 2877 Epitheti
1236 2831 1299 2880 sup·

777 2911 778 2915 =
799 2886 928 2951 positione
937 2886 1021 2937 lambi
1029 2889 1103 2938 unius
1111 2896 1229 2940 correcta
1241 2907 1301 2956 prs·

801 2964 875 3012 vitas.
907 2963 955 3012 ‘It
973 2963 1030 3014 abit
1046 2964 1118 3015 dias!
1150 2967 1298 3018 ‘Caelestes

799 3038 872 3101 heri,'
884 3054 932 3103 pro
947 3039 1016 3090 ‘Dis
1027 3039 1145 3104 superis!
1160 3043 1169 3073 ‘
1182 3044 1297 3093 Eosdem

800 3113 955 3176 pacificare!
988 3115 1139 3165 ‘Pura'zet
1161 3119 1296 3181 ‘spurca'

799 3188 920 3252 opposita
940 3189 1008 3240 inter
1036 3204 1099 3241 eese.
1141 3193 1296 3244 catullinum

798 3265 933 3315 sementim
944 3265 1080 3315 illustratio
1091 3268 1220 3334 aPlanto,
1231 3271 1297 3323 alte·

799 3339 851 3387 rins
869 3338 1011 3403 expliistio
1030 3348 1128 3404 preter
1145 3344 1296 3407 opinionem

777 3414 907 3465 Mureti.

202 3484 372 3538 bitirneutum.
405 3487 537 3537 Addamus
564 3494 592 3539 et
623 3489 730 3540 alteram
803 3489 1297 3546 VurusmeuuusudruosuumreaVisam

203 3561 379 3625 metaphoram
402 3576 453 3611 non
474 3564 557 3612 minus
570 3565 730 3630 ¹Romanam,
765 3565 1069 3626 duaemteforootiosum.
1101 3568 1228 3634 Antiqua.
1241 3573 1295 3622 Ve-

202 3650 236 3690 ex
249 3637 339 3700 Elegia
348 3638 395 3688 illa
404 3638 535 3702 satyrica,
546 3638 595 3690 hoc
606 3647 657 3701 est,
668 3656 730 3691 exa·
766 3645 836 3689 teres
846 3641 923 3702 enim,
940 3644 947 3668 ¹
959 3642 1043 3692 visere
1053 3643 1086 3691 ad
1096 3644 1233 3709 aliquem,’-
1241 3647 1296 3696 dic·

202 3712 304 3762 mnssim
317 3713 478 3763 Catulliana:
495 3715 619 3765 Proetereu
629 3717 728 3768 addebat
765 3714 892 3776 titubant,
908 3715 935 3764 id
947 3717 1017 3780 quod
1029 3732 1063 3766 ex
1073 3718 1297 3782 priscacomoedia

201 3788 324 3851 quendum,
339 3801 406 3851 quem
421 3788 497 3837 dicere
512 3789 564 3838 nolu
577 3791 685 3854 Nomine,
700 3807 729 3842 ae
765 3791 875 3840 clarum:
891 3793 924 3839 ud
933 3805 986 3840 suos
994 3807 1096 3853 umores,
1113 3794 1194 3856 igitur
1209 3809 1262 3845 non
1278 3809 1295 3844 u

202 3863 269 3915 tullut
289 3860 361 3910 mira
381 3862 514 3924 supercilia.
549 3865 662 3914 Facete:
679 3867 728 3915 sol·
765 3864 906 3914 Praeterito
928 3867 1008 3916 verbo
1028 3869 1139 3929 maeret,
1164 3883 1256 3919 vernnr
1278 3886 1296 3920 a

202 3935 285 3984 lenuis
295 3936 362 3985 enim
373 3931 525 3986 minantium
535 3937 587 4000 hic,
597 3945 674 4001 atqua
684 3954 740 4010 ex·¹
763 3938 862 4003 Supino
879 3941 964 4004 potius
973 3943 1007 4002 τᾷ
1016 3943 1101 4003 oiston,
1119 3943 1146 3991 in
1160 3951 1294 3996 construe·

202 4011 411 4062 crudescentium
420 4010 531 4073 habitus,
539 4012 727 4065 etiamaPlau·
765 4018 845 4079 done,
861 4025 890 4067 nt
900 4017 1071 4068 Grammatici
1087 4019 1239 4085 perhibent,
1254 4036 1295 4072 re·

201 4091 232 4136 to
252 4099 390 4150 expressus
411 4087 437 4135 iu
456 4086 552 4145 Milite,
567 4088 575 4116 ‘
589 4088 728 4152 Flagitium
755 4094 847 4155 'getun
880 4093 1293 4149 Attucutullodestiantusoddsra.

203 4165 252 4221 est,
268 4159 290 4208 ai
305 4161 366 4212 nihil
383 4163 511 4226 mittetur,
528 4177 579 4227 quo
590 4165 727 4227 supercilio
744 4167 1295 4236 'SicdoctissimnsScaliger,schuretus;
