2752 4694
418 343 455 391 ιιι
482 343 646 392 cnrunnr
671 343 827 391 ornnes
852 345 897 392 or.
1138 329 1203 395 655

110 489 200 549 noant,
211 489 238 535 et
253 484 359 549 ‘lupam
377 484 558 536 commixtam'
578 485 642 535 sica
675 484 771 548 Ἡρώων.
790 486 910 538 Juvenal.
922 486 975 537 Set.
986 502 1013 538 v.
1038 489 1117 539 ‘Flos
1134 488 1203 541 Asta

111 561 216 611 Catulo
225 561 323 610 dictem
335 561 490 619 existiment,
499 560 641 609 utoPlan·
677 571 737 611 ente
757 563 840 624 ipsum
860 563 943 624 pretio
962 564 1058 627 majore
1078 568 1204 629 paratus?

110 643 138 686 to
150 636 227 686 etiam
240 636 355 685 Mostell.
372 637 379 663 ‘
393 636 478 698 Capra
486 634 640 684 commixta'
677 636 709 685 In
719 637 883 686 Veronensium
894 650 955 685 vero
965 638 1092 699 Synizesis
1102 638 1204 703 eadem,

110 711 222 772 dicitur;
249 711 277 760 id
294 718 343 772 est,
359 709 436 760 foeda.
468 710 519 758 Sed
539 710 586 758 hoc
603 709 641 758 illi
677 726 735 776 quas
752 709 779 760 in
794 711 871 760 verbo
887 710 1008 761 ‘omnia'
1027 714 1095 776 apud
1105 715 1204 779 Vergil.

108 786 229 836 viderint.
262 786 404 835 Inamabile
420 785 536 834 suavium
547 783 640 846 signifi·
677 786 735 836 AEn.
746 800 785 835 vr.
800 787 808 814 ‘
821 785 889 837 Quin
910 787 1024 850 protinus
1040 789 1124 837 omnia
1137 789 1203 840 Per·

109 879 180 928 cans,
199 865 298 914 Statius
316 865 435 913 Comicus
456 868 547 927 argute
566 863 641 925 dixit,
676 862 795 924 legerent
813 861 912 920 oculis!
945 861 1037 925 Itaque
1055 869 1097 912 est
1115 864 1142 912 in
1160 864 1204 915 illo

109 940 182 989 ‘Sed
196 947 241 988 tua
251 953 354 988 morosa
364 953 396 986 ne
409 952 481 999 uxor,
493 952 580 1001 quaeso
593 943 641 1001 est,
677 936 775 999 optimo
803 936 1025 1001 vetustissimoque
1051 937 1127 1000 libro,
1153 953 1203 1003 quo

111 1028 186 1076 quam
208 1014 300 1074 rogas?
339 1014 405 1063 Qnae
429 1011 541 1073 tandem,
559 1003 641 1062 taedet
678 1011 766 1060 Romae
780 1011 1111 1075 magnoCsrd.Carpensis
1127 1012 1204 1063 bene·

110 1088 258 1146 mentionis,
271 1102 328 1151 qnae
338 1087 400 1135 mibi
412 1086 462 1135 Ubi
481 1086 583 1135 domum
596 1087 640 1136 ad·
677 1083 736 1134 ticio
747 1100 802 1152 sum
812 1101 880 1136 usus.
896 1087 964 1148 Jsm,
973 1080 1032 1151 quis
1041 1095 1068 1136 et
1080 1088 1205 1140 Nicolans

109 1164 170 1212 veni
185 1176 215 1210 ac
235 1162 299 1224 sedi,
318 1163 450 1225 extemplo
470 1162 568 1211 savium
584 1163 641 1212 Dat
677 1159 828 1208 Erzlhraeus
848 1167 875 1208 et
887 1161 1147 1211 PieriusValerianus
1159 1162 1204 1212 ad-

106 1239 199 1302 jejuna
208 1239 300 1287 anima.
316 1237 363 1289 Nil
371 1244 464 1301 peccat
475 1237 508 1286 de
516 1236 641 1298 sario,Ut
677 1241 767 1283 curate
790 1234 823 1283 de
850 1249 881 1284 eo
903 1241 980 1298 atque
1002 1238 1104 1287 erudite
1123 1238 1205 1290 mulla

110 1314 233 1362 devomas
245 1314 309 1370 vult,
322 1313 389 1376 qnod
401 1311 463 1361 foris
476 1312 627 1374 putareris?
678 1307 851 1371 tradiderunt,
872 1310 965 1359 addam
991 1310 1023 1359 ad
1048 1312 1094 1361 illa
1114 1327 1204 1363 versus

144 1390 174 1434 13
187 1386 433 1447 Utmieeumdrosie]
444 1385 474 1434 In
483 1384 646 1450 manuscr'ip-,
677 1381 753 1432 Lner.
766 1383 809 1446 qui
829 1384 981 1447 colligentes
999 1386 1056 1434 illos
1072 1388 1122 1436 alis
1132 1386 1204 1450 fuge·

110 1461 154 1522 tis,
164 1460 286 1509 ambrosio.
304 1461 342 1509 Ut
359 1458 493 1510 ‘osculum
502 1460 510 1483 '
520 1461 575 1509 sic‘
589 1474 641 1509 sm·
679 1463 749 1517 runt,
761 1473 775 1506 e
788 1458 832 1508 lib.
848 1473 875 1509 s.
891 1460 963 1509 ‘Sed
973 1460 1010 1509 sic
1026 1462 1145 1526 quodque
1156 1477 1203 1512 sno

108 1533 477 1598 brosinm'dicstur,utetlam
485 1534 641 1598 Verg.‘Co·
678 1534 730 1583 rito
749 1534 1013 1596 procedil,ntomnia
1032 1537 1140 1587 Foedere
1159 1551 1205 1586 na·

109 1609 174 1659 mae’
186 1610 325 1660 dicuntnr‘
338 1610 492 1661 ambrosioe.’
679 1617 743 1660 turae
755 1617 827 1660 certo
835 1612 851 1660 :’
867 1618 905 1674 et,
920 1612 928 1640 ⁴
940 1611 1011 1674 Ignis
1022 1613 1089 1661 enim
1100 1627 1206 1676 snpera-

143 1689 174 1734 14
193 1686 270 1734 Tristi
291 1687 385 1736 tristius
403 1687 528 1748 helleboro]
563 1686 640 1735 Ama·
678 1687 724 1748 vit,
742 1691 770 1734 et
787 1686 902 1735 ambiens
921 1688 1004 1736 mrrlta
1023 1687 1159 1751 perussit?
1175 1695 1205 1738 et

110 1754 170 1810 rius.
203 1760 247 1810 Sic
263 1762 340 1825 Verg.
357 1762 468 1811 ‘Media
483 1761 536 1811 sert
553 1762 640 1811 tristes
679 1758 768 1809 Ovidii
784 1761 858 1824 illud,
873 1762 996 1812 Catullini
1015 1764 1091 1827 hujus
1108 1764 1206 1815 similli-

109 1849 200 1886 snccos
211 1835 228 1885 ι’
243 1842 270 1885 et
280 1837 352 1897 alibi,
363 1837 529 1900 ‘'l'ristesque
541 1833 640 1898 lupini!
677 1852 754 1901 mum,
770 1853 784 1887 e
804 1841 872 1890 Fest.
882 1839 927 1890 lib.
939 1855 964 1889 v.
979 1840 988 1869 ⁴
999 1841 1064 1890 Cum
1082 1849 1127 1893 tua
1146 1842 1206 1908 sini,

107 1911 116 1938 ‘
134 1909 271 1958 Amarius'
299 1917 385 1958 antem
406 1909 558 1970 ‘elleboro,’
577 1909 641 1958 Pro·
678 1913 822 1976 cedantque
834 1915 881 1963 tibi
893 1914 1005 1964 confinis
1016 1917 1157 1966 mensium.’

110 1984 199 2033 verbio
211 1984 315 2055 dicitnr,
325 1991 354 2034 ut
365 1985 392 2033 in
403 1985 455 2045 illo,
463 1982 519 2032 ‘nel
528 1983 557 2032 τὸ
567 1985 642 2039 βινεῖν
709 1991 725 2035 4
746 1988 886 2039 Frutsrnum
902 2002 958 2038 vers
975 1992 1041 2039 dulce
1058 1991 1206 2055 sodalitium]

109 2057 171 2117 iore,
181 2056 218 2106 τίς
228 2056 347 2118 cinisem
367 2058 422 2106 ἀλλ’
437 2058 495 2106 ὅταν
506 2057 559 2122 αἰτῇ
574 2063 640 2105 xas-
678 2062 838 2111 Simlllimnm
855 2062 919 2111 illud
939 2063 1031 2114 Horat.
1047 2065 1115 2116 ‘hac
1132 2066 1158 2114 in
1175 2079 1205 2115 re

109 2130 160 2196 sehr,
169 2132 304 2195 πικρότερον
313 2132 403 2192 γίνεται
413 2133 549 2197 ἐλλεβόρου.
678 2137 780 2186 scilicet
799 2151 850 2186 uns
870 2137 983 2187 Multum
1007 2139 1155 2202 dissimiles,
1171 2139 1205 2190 sd

676 2218 765 2260 cetere
781 2225 856 2273 paene
876 2211 995 2274 gemelli!
1027 2213 1086 2261 Nisi
1104 2214 1141 2264 sic
1152 2219 1206 2262 tnr-

277 2270 430 2322 ΟᾹΒΜΕΝ
449 2272 478 2322 c·
676 2285 821 2349 pitndinem
846 2293 924 2350 atque
949 2287 1136 2339 obscenitatem
1161 2290 1205 2347 siis

145 2369 259 2418 lCoelius
269 2370 415 2434 Aufilenum]
433 2372 468 2419 Et
481 2369 580 2418 Caelium
592 2382 640 2433 per
676 2359 814 2425 θιαφὴσεωι
841 2362 987 2426 significare
1013 2365 1103 2416 voluit.
1151 2365 1206 2416 sed

110 2446 145 2496 OE
164 2452 192 2494 et
204 2459 251 2507 per
263 2446 294 2493 AE
306 2445 478 2509 diphthongos
490 2446 597 2507 legimus
613 2444 640 2493 in
676 2436 740 2487 illud
758 2438 865 2502 rectius,
876 2438 944 2504 quod
956 2444 984 2488 et
1003 2439 1151 2491 corbinello
1166 2441 1206 2490 'si-

109 2512 288 2568 vetustissimis
303 2520 485 2581 monumentis,
497 2520 528 2567 iis
540 2519 641 2568 scilicet
677 2512 799 2575 debatur,
807 2515 840 2564 ob
856 2515 972 2576 similem,
983 2521 1028 2565 ant
1039 2515 1147 2565 eandem
1158 2532 1205 2581 po·

110 2607 168 2655 qnae
196 2594 284 2642 Romae
319 2600 379 2642 sunt
407 2594 434 2641 in
461 2593 641 2643 amoenissimis
677 2590 727 2640 tius
738 2591 876 2640 Menandri
891 2592 1055 2657 sententiam,
1070 2591 1112 2642 Ὦς
1127 2591 1170 2653 sill
1179 2593 1206 2655 γ’

111 2668 188 2716 Card.
207 2667 345 2731 carpensis
356 2667 446 2731 bortis,
457 2674 484 2716 et
498 2667 523 2716 in
534 2681 566 2716 ea
576 2668 641 2732 basi,
677 2667 703 2716 ἐν
712 2668 822 2729 eroum
831 2666 1023 2732 ὀμονοίαςἜρως.

110 2757 167 2805 quae
187 2742 313 2807 hodieque
335 2742 362 2793 in
384 2742 455 2792 Urbe
482 2742 514 2792 ad
542 2741 640 2792 Arcum
708 2744 870 2804 dPerspeela
886 2742 1205 2807 exigiturusieoamieitie]
1255 2734 1264 2747 '

109 2817 234 2880 Septimio
254 2819 368 2868 dicatum
384 2833 444 2868 cum
460 2819 640 2869 centuriarum
676 2819 709 2868 In
728 2819 908 2881 manuscriptis
928 2818 1016 2880 etiam,
1036 2818 1150 2878 Perfecto
1169 2825 1206 2868 est

110 2899 196 2942 exstat
215 2894 361 2943 nominibus
372 2900 400 2942 et
412 2894 524 2942 diversas
536 2893 641 2957 quidam
676 2893 766 2954 lmine:
784 2893 810 2940 in
829 2892 895 2954 aliis,
907 2890 1027 2952 Perfecto,
1043 2897 1112 2954 etque
1128 2894 1205 2954 exigi·

110 2981 166 3015 esse
177 2968 264 3017 volunt
276 2968 392 3016 familias.
408 2968 465 3029 Ego
476 2981 538 3015 vero
549 2965 641 3015 dubito
678 2973 731 3016 tur:
750 2973 887 3029 utrumque
896 2965 957 3013 mibi
968 2966 1089 3014 tralatum
1101 2967 1206 3016 videtur

109 3046 227 3109 Aufidena
246 3059 278 3093 ne
298 3059 345 3108 pro
365 3044 484 3107 Aufileeu,
502 3043 640 3107 legendum
677 3041 710 3090 ab
728 3038 858 3101 operibus,
878 3052 936 3101 qnae
956 3039 989 3086 ad
1009 3039 1122 3100 regulam
1139 3039 1205 3091 finnt
1239 3100 1247 3106 Ι

110 3119 152 3166 sit.
194 3118 282 3166 Romae
305 3118 372 3165 enim
393 3119 462 3180 apud
483 3119 641 3181 Episcopum
677 3128 707 3162 ec
727 3112 859 3161 libellam:
882 3111 969 3174 ireque
990 3111 1129 3162 amicitiem
1148 3126 1206 3175 per·

111 3191 274 3241 Ferretinnm
282 3187 641 3254 monumentumexstet'ejus·
677 3188 774 3237 festam
794 3186 862 3235 illius
882 3199 913 3234 sc
931 3192 1048 3237 sanctem
1067 3187 1205 3250 significat.

110 3265 191 3319 modi.
677 3263 745 3313 Plin.
756 3261 801 3310 lib.
813 3273 912 3309 xxxvi.
923 3273 981 3323 cap.
992 3264 1034 3310 ss.
1046 3261 1206 3314 verbo‘esi.

325 3353 426 3391 svnom
678 3339 753 3403 gere'
766 3339 798 3391 ds
809 3337 961 3401 pavimentis
972 3338 1009 3388 sic
1017 3339 1116 3390 ulitur:
1133 3340 1206 3392 ‘Ds-

331 3429 416 3465 1v1uAE
677 3415 737 3465 inde
748 3415 831 3481 spissa
849 3414 954 3464 calcatis
965 3413 1116 3464 carbonibus
1131 3415 1205 3466 indu-

301 3504 450 3544 eunomus
677 3493 746 3541 citur
765 3490 854 3540 sabulo
873 3490 944 3540 cales
954 3504 985 3539 ac
995 3488 1083 3540 isvilla
1099 3491 1204 3543 mixtis:

287 3580 464 3618 ιιιιτοιιιιιιι
676 3567 785 3616 materia
804 3566 975 3616 crassitudine
994 3566 1146 3628 semipedali
1170 3569 1205 3617 ad

316 3655 435 3694 shcsvsr.
677 3644 793 3707 regulam
813 3649 840 3691 et
862 3641 978 3691 libellam
997 3641 1127 3704 exigitur!
1160 3640 1204 3689 In·

113 3722 190 3785 Nam,
210 3720 242 3770 de
265 3723 470 3785 antepenultima
490 3722 548 3787 ejus
568 3721 641 3773 verbi
677 3718 763 3768 didem
786 3717 938 3767 translatum
963 3715 1046 3764 rideri
1070 3715 1153 3777 possit
1176 3721 1205 3765 et

113 3796 308 3861 qnidstatuam‚
319 3810 370 3844 non
381 3796 473 3846 habeo.
678 3792 756 3843 Ovid.
767 3791 830 3841 illud
841 3793 912 3841 Fast.
923 3791 968 3841 lib.
978 3804 1022 3840 111.
1039 3789 1116 3839 ‘Non
1124 3789 1204 3842 habet

144 3875 160 3920 2
178 3870 234 3920 Flos
251 3870 419 3919 Veronensium
436 3873 561 3933 depereunt
573 3872 642 3932 ,inss-
678 3873 807 3930 exactum,
819 3867 887 3931 quod
897 3865 972 3930 agat!

110 3945 178 4007 sem]
198 3946 261 4005 Flos,
269 3943 342 3994 husos
352 3945 457 3995 verbum
468 3945 642 3996 Pindarofre·

113 4025 264 4085 quentatum
283 4021 309 4068 in
325 4020 374 4071 boc
392 4035 485 4086 genere
497 4026 525 4070 et
534 4022 642 4073 Theocr.
834 3990 985 4092 CARMEN
1003 3990 1048 4040 ⁰1·

111 4093 316 4156 diissimulas
334 4094 476 4158 μιμνάσκπι
493 4097 554 4146 θεῖος
568 4095 642 4148 heros
710 4091 854 4155 essenis]
865 4087 1012 4153 Legendum
1022 4091 1093 4151 puto,
1104 4087 1205 4145 Adveni-
