2752 4694
203 320 269 389 530
462 331 591 382 nourr..
614 330 738 381 srsrrr
761 327 1063 379 conmonuemus

204 473 275 540 quod
285 472 415 537 repulisses
425 467 499 535 dicit,
515 471 661 536 elegantem
673 469 734 520 uiti·v
772 469 875 533 scribit,
894 471 983 522 ‘llam
1001 476 1030 519 et
1047 467 1302 533 Hendecssyllabns,
1319 492 1322 497 ·

204 551 315 615 dumque
326 546 460 612 signifieat,
473 546 549 612 cujus
564 546 734 609 contrarium,
770 561 846 611 quern
854 547 1147 607 Phalsrciumsocsmus,
1156 545 1226 609 apud
1235 545 1302 594 noti·

203 625 355 689 impolitum.
368 623 445 676 Quod
453 623 522 672 Geli.
530 621 732 686 lib.rv.cap.12.
771 635 835 685 quos
845 629 965 672 auctores
974 621 1065 671 eodem
1072 617 1305 671 snodosolebntiir·¹

205 702 267 764 quid
285 701 329 764 sit,
346 699 433 761 docet,
450 698 539 748 ‘ltesn
551 697 572 746 si
584 697 640 762 quis
652 711 733 761 eques
770 695 1302 762 cipere‚alinsasponduo,aliuas1ambo,

203 778 333 827 Mmsnus
345 789 439 839 equum
448 773 543 823 babere
555 773 732 837 gracilentum,
769 774 833 824 alins
852 789 868 823 a
883 774 1019 836 Trochmo,
1034 779 1064 823 ot
1079 773 1149 838 apud
1161 773 1304 835 Catullum,-

203 860 249 902 aut
260 865 349 916 parum
365 850 475 900 nitidum
492 850 561 899 visus
578 854 643 910 erat,
654 849 734 912 impo-
770 848 852 900 Arido
869 850 946 900 modo
965 850 1067 915 pumice
1085 849 1245 914 expolitum:
1261 848 1302 899 *ab

201 928 429 980 litianotabaturr
441 926 468 976 id
479 926 586 976 verbum
596 922 734 989 significet,
770 927 870 992 lambo,
883 929 958 978 Meas
969 943 1026 978 esso
1036 928 1135 994 aliquid
1150 934 1243 991 putare
1254 941 1302 976 nn·

202 1006 318 1072 quasitu
334 1005 415 1065 dicas,
429 1001 555 1053 incuria!
587 1001 732 1051 Cornelium
770 1018 825 1067 gas.
853 1006 920 1058 Qua
932 1005 1016 1055 omnia
1026 1019 1122 1069 genera
1131 1003 1304 1065 hendecasyl-

201 1095 265 1131 sero
275 1081 344 1130 hunc
356 1079 399 1128 ulii
410 1078 524 1139 Gallum,
538 1077 582 1126 alii
601 1077 732 1140 Nepotem
768 1079 822 1130 lobi
844 1079 973 1145 Catullus,
996 1089 1024 1132 et
1043 1081 1161 1145 Sappho,
1183 1086 1211 1129 et
1231 1077 1303 1128 Aua·

202 1162 306 1220 putant.
318 1155 486 1204 huncantem
497 1152 642 1203 chronicon
654 1152 732 1203 libros
769 1160 886 1218 creonta,
909 1161 938 1205 et
963 1156 1025 1206 alios
1045 1163 1166 1206 auctores
1186 1159 1303 1217 secutus,

202 1231 337 1295 scripsisse
352 1229 472 1279 declarat
490 1228 560 1279 Geli.
578 1227 659 1277 Nost.
674 1226 732 1279 Att.
770 1235 900 1295 tamquam
921 1232 1017 1282 vitiose
1044 1231 1148 1292 vitarit,
1173 1229 1222 1280 sed
1247 1243 1301 1280 non

202 1305 456 1367 lib.xv11.cap.il.
470 1308 497 1352 et
513 1302 666 1352 Lactantius
676 1302 732 1352 Fir·
770 1312 900 1370 tamquam
921 1308 1039 1371 legitima
1060 1302 1190 1357 inseruit!
1230 1304 1300 1356 Hoc

200 1382 279 1431 mian.
289 1381 335 1430 lib.
346 1394 366 1430 1.
384 1379 496 1442 Nepotis
509 1377 653 1428 Historiam
663 1392 732 1428 com·
769 1382 979 1435 Fortunatianue.
1014 1383 1081 1433 Mihi
1108 1381 1212 1448 quldens
1242 1381 1300 1432 haec

202 1474 356 1510 memorans.
382 1461 418 1508 Et
428 1457 514 1508 Julius
524 1457 627 1507 Solinus
637 1471 696 1522 cap.
706 1462 732 1508 2.
753 1486 755 1491 ·
769 1457 894 1508 scribenti
904 1458 1028 1509 seuiebat
1043 1458 1069 1507 in
1083 1462 1197 1507 mentem
1207 1470 1300 1507 versos

202 1535 320 1586 Macrob.
335 1535 362 1584 in
376 1534 462 1585 Sator.
477 1547 497 1582 r.
518 1532 664 1583 Cornelium
682 1533 732 1582 La·
769 1534 872 1599 Alpbaei
890 1535 1046 1600 Mitylenen
1071 1534 1104 1584 ab
1126 1533 1218 1584 lambo
1235 1533 1301 1584 inci·

201 1610 313 1662 beonem
335 1611 459 1666 nominat,
481 1609 526 1673 qni
551 1609 608 1672 ejus
629 1607 733 1671 generis
769 1607 1301 1677 piens,'rbpniispdplipes,dwperiprn.

200 1684 298 1750 aliquid
304 1683 732 1753 rideturscripsisse.Egoeundem
768 1685 920 1738 (iurantem
936 1688 1067 1739 Catullum
1083 1687 1183 1737 Plinius
1198 1686 1300 1736 durius·

200 1762 349 1812 Cornelium
370 1775 429 1810 esse
448 1760 578 1821 existimo,
599 1761 634 1809 sd
655 1775 732 1824 quern
767 1764 854 1812 culum
866 1763 1021 1814 existimarit
1037 1763 1117 1827 pedes
1134 1761 1300 1826 syllabasque

200 1837 280 1887 etiam
289 1844 359 1901 post,
373 1836 417 1886 ‘Si
428 1836 567 1900 quidquam
576 1836 732 1900 tacito,'&c.
767 1837 868 1900 priores
879 1845 1069 1902 permutantem
1082 1837 1109 1887 in
1126 1837 1211 1901 prims
1227 1837 1304 1902 sede,¹
1351 1882 1352 1886 ,

200 1913 338 1966 domandis
345 1929 446 1980 quoque
454 1913 554 1963 inlibro
562 1928 646 1964 rernm
656 1914 732 1965 Geti·
767 1927 859 1963 caussa
869 1919 928 1963 erat
937 1913 1057 1963 nimirum
1069 1913 1120 1963 suis
1137 1912 1187 1962 illis
1199 1918 1300 1976 tempo·

200 2004 290 2041 carum
310 1990 349 2040 de·
362 1988 507 2046 Britannis,
523 1986 576 2037 ‘In
595 1989 731 2052 extrems,'
766 1988 1298 2055 ribusejusrei,ntitadioam‚lnsolentia.

199 2066 294 2132 lnquit,
317 2067 390 2131 ‘ejus
409 2073 485 2130 purte
502 2066 631 2124 Memorem
655 2079 731 2129 quum
768 2064 826 2114 Nec
842 2065 910 2115 enim
926 2064 984 2114 fere
1003 2065 1080 2115 aliter
1097 2064 1300 2128 lllsrtialis,=aut

200 2143 336 2192 Oornelius
346 2141 435 2204 etiam,
451 2139 590 2191 Annalium
607 2141 731 2204 scriptor,
767 2140 1033 2204 Statius,sutillornm
1040 2141 1298 2205 aequdistesnporum

198 2225 297 2282 narrat,
316 2217 429 2268 metallis
448 2215 566 2280 plurimis
583 2215 730 2280 copiosam,’
766 2215 859 2280 aliquis
867 2215 947 2279 poeto
957 2215 1031 2280 fecit,
1042 2216 1092 2266 nisi
1102 2217 1191 2277 solius,
1201 2222 1231 2266 nt
1243 2216 1298 2279 opi·

198 2299 249 2346 διο.
292 2295 390 2358 Figurs
408 2307 470 2343 vero
487 2292 612 2341 orationis
627 2291 730 2356 eadem,
765 2303 823 2352 nor,
835 2292 972 2354 Martialis,
982 2292 1060 2357 idque
1077 2292 1158 2342 semel
1168 2291 1195 2341 in
1206 2291 1252 2342 lib.
1265 2303 1303 2341 tn·

162 2423 165 2428 ,
198 2385 258 2434 qum
270 2378 337 2432 post,
351 2370 360 2398 ⁴
373 2368 422 2418 cui
432 2366 533 2417 faveam
542 2365 644 2430 potius?
655 2367 731 2429 culi,
765 2364 842 2416 ‘Iter
857 2367 971 2431 jungere
987 2368 1081 2432 quaeris
1092 2368 1130 2417 ad
1149 2368 1299 2421 θωνα)

199 2443 266 2494 tibi!
299 2444 334 2493 Et
350 2441 421 2504 apud
438 2442 515 2491 llum.
532 2440 606 2490 Iliad.
619 2440 729 2491 Mirr
766 2439 940 2491 Quamobrem
962 2442 1042 2492 etiam
1060 2441 1169 2505 Plinius,
1187 2442 1297 2506 Maioris

198 2518 233 2583 dp‘
252 2521 318 2580 σφῶε
337 2520 395 2567 θεῶν
413 2515 468 2580 ἔριδι
484 2512 579 2577 ξυνέηκε
598 2514 729 2581 μόχεσθως
765 2528 857 2579 nepos,
867 2524 966 2580 prester
976 2525 1065 2568 cetera
1075 2517 1235 2568 duriusculos
1250 2519 1299 2568 cs·

198 2594 289 2655 Λητοῦς
299 2591 338 2640 nal
351 2589 406 2640 orbs
416 2590 471 2642 vids.
765 2593 823 2643 tulli
833 2599 862 2644 et
873 2593 946 2643 Calvi
964 2608 1053 2644 sersus
1069 2592 1150 2643 fnisse
1165 2591 1299 2656 significat

230 2677 246 2722 4
274 2673 344 2720 Meos
361 2684 410 2719 erse
428 2671 520 2734 oliqmd
538 2674 625 2734 putore
642 2673 729 2736 sagas]
763 2667 819 2717 ins.
829 2668 862 2718 ad
875 2668 1006 2718 Erucium.
1024 2670 1067 2718 De
1077 2667 1297 2719 Saturninuenim

198 2747 254 2797 Per
267 2745 405 2795 ταπείνωσιν
416 2753 549 2806 ssgsarut
559 2753 586 2797 et
597 2747 690 2798 Horat.
701 2754 729 2798 et
764 2743 891 2807 Pompeio
911 2745 977 2808 lsaec,
1005 2741 1178 2804 ‘Passerem’
1203 2742 1298 2808 iuquit,

198 2821 338 2872 Martialis.
354 2821 728 2884 Jamvero,enrdnriuscnlum
765 2817 856 2868 ‘facit
877 2833 977 2881 sersus,
998 2819 1081 2883 qualis
1106 2817 1224 2868 catullus
1249 2826 1297 2868 ast

198 2903 394 2948 conterraneum
425 2909 499 2945 suum
527 2896 627 2946 Plinius
648 2897 729 2961 dicat,
765 2894 874 2945 Calvus:
902 2900 1026 2959 quantum
1058 2895 1109 2945 illia
1141 2894 1297 2958 dulcedinis,

197 2969 728 3040 equidemuondispici03Proeemioeuim
766 2971 954 3034 amaritudinis,
965 2971 1059 3020 amoris
1076 2970 1182 3021 inserit!
1215 2970 1300 3034 Saue,

197 3051 284 3115 operis
300 3049 399 3109 scribit,
415 3048 558 3112 ‘Namque
580 3056 608 3098 tn
627 3048 728 3098 solebas
764 3045 811 3095 sed
841 3046 903 3096 dats
928 3059 1008 3109 opera
1036 3046 1137 3096 mollius
1159 3045 1296 3111 leviusqne

197 3125 272 3175 Meas
287 3138 345 3175 esse
364 3122 461 3188 aliquid
480 3120 575 3186 putare
592 3138 682 3188 nugas,
698 3133 728 3174 nt
764 3119 925 3170 duriusculos
946 3120 1080 3186 quosdam,
1100 3129 1130 3171 et
1149 3122 1200 3172 hoc
1219 3125 1296 3187 qnasi

197 3198 282 3248 obiter
301 3199 427 3248 emolliam
445 3198 575 3248 Catullum
597 3207 728 3250 conterre·
758 3195 881 3245 Catullus
892 3200 938 3245 sut
952 3191 1064 3245 Calvus?
1098 3196 1295 3247 Probusinln·

196 3285 274 3322 neum
294 3286 395 3321 meum:
423 3272 542 3335 agnoscis
563 3276 593 3322 et
613 3273 662 3323 lroc
684 3288 728 3324 ca·
763 3270 969 3321 stitutisartium
983 3271 1059 3335 hujus
1076 3270 1180 3335 generis
1191 3270 1295 3322 anloe·

196 3354 298 3397 strenae
317 3345 435 3409 verbnm,
454 3346 498 3395 ille
518 3346 596 3411 enim,
616 3355 646 3398 ut
666 3350 727 3412 scis,
763 3347 840 3406 cinus,
859 3347 1112 3410 Hendecasyllabum
1134 3347 1294 3410 Sapphicum

197 3422 352 3486 permutatis
363 3421 492 3484 prioribus
508 3422 615 3485 syllabis
626 3422 727 3473 durius-
763 3421 836 3485 dicit,
847 3423 927 3472 credo
943 3421 1012 3486 quod
1023 3435 1055 3471 eo
1066 3420 1219 3487 frequenter
1228 3423 1293 3487 Sap·

197 3497 283 3547 cnlum
294 3511 323 3546 se
339 3495 413 3560 fecit,
429 3511 505 3560 quam
522 3497 625 3547 volebat
638 3498 729 3548 existi·
762 3497 814 3562 pluo
825 3499 860 3548 sit
870 3513 927 3548 usa.

197 3573 262 3622 mari
279 3587 295 3622 a
310 3572 455 3623 Veraniolis
477 3571 530 3621 suis
550 3578 578 3622 et
595 3573 726 3626 Fabullisss
793 3591 820 3632 5
825 3586 884 3633 ,sam
895 3590 954 3645 tm
972 3597 1025 3632 cum
1039 3597 1110 3632 m
1125 3595 1149 3631 a
1163 3596 1224 3632 um
1240 3583 1294 3632 ινα.

196 3647 264 3707 Haec
280 3649 332 3698 ille.
348 3647 426 3700 Quod
443 3648 465 3697 si
481 3648 544 3698 sitio
555 3649 645 3713 vertit,
657 3652 726 3715 qnod
760 3659 848 3721 lorum]
861 3659 969 3708 Notatio
979 3664 1140 3721 temporum,
1138 3656 1178 3706 ad
1188 3657 1295 3708 Corneli

196 3713 328 3790 principes
345 3736 464 3772 versuum
483 3723 560 3787 hujus
580 3726 681 3788 generis
697 3732 726 3776 et
760 3733 863 3783 laudem
871 3733 975 3783 animno
983 3733 1127 3796 pertinens
1145 3732 1214 3783 Nam
1222 3735 1293 3799 quod

196 3798 278 3864 pedes
289 3812 341 3848 non
353 3811 455 3861 semper
468 3797 622 3887 Spondaeos,
639 3800 726 3853 sedet
760 3822 833 3858 more
853 3808 960 3858 aliorum
978 3807 1091 3871 iecisset,
1106 3808 1129 3857 si
1150 3807 1293 3859 Consulum

193 3876 331 3925 Troehaecs
349 3878 378 3923 et
394 3867 499 3922 lumbos
514 3873 622 3936 ponit,
614 3889 640 3923 an
656 3875 725 3926 idem
760 3899 820 3934 naus
831 3884 975 3934 nominibus
986 3882 1087 3946 fuisset,
1097 3882 1189 3931 maluit
1200 3883 1292 3936 Histo-

195 3945 725 4017 crimenoptimnmqremqnevocetorae·
760 3959 823 4008 riam
846 3958 949 4008 Corneli
972 3956 1097 4018 adhiberi,
1120 3955 1209 4021 itaque
1236 3964 1292 4009 tum

196 4041 285 4077 corum
309 4029 452 4092 poetarum,
474 4040 581 4113 quorum
607 4028 649 4078 bic
673 4045 724 4079 non
760 4039 862 4097 tempus
870 4034 1019 4097 scriptionis
1031 4047 1134 4098 qrroqne
1145 4047 1199 4082 ssrae
1212 4034 1293 4099 signi·

195 4100 326 4152 dubitavit
342 4104 488 4167 exemplum
507 4102 586 4167 sequi.
619 4105 661 4154 De
674 4120 724 4169 quo
759 4107 848 4169 ficare,
865 4115 944 4175 atque
961 4110 1032 4160 illum
1051 4109 1156 4161 summis
1171 4111 1294 4163 laudibus

197 4175 292 4228 Atilius
306 4180 506 4231 Fortunatianus
515 4178 549 4228 de
564 4181 654 4231 metris
668 4181 724 4232 haec
761 4181 884 4235 adficere.
