2752 4694
544 324 583 373 ru
609 323 828 374 curvatura.
1164 309 1230 375 709

135 477 280 523 mereatur:
296 482 381 535 usqne
392 482 455 519 vero
465 465 499 518 de
510 466 568 532 ipso
579 466 664 519 italo·
701 464 824 516 duritiam
846 463 991 528 appellant,
1015 477 1119 528 semper
1147 462 1230 516 t'erme

135 561 208 611 quor,
224 553 254 598 nt
270 560 329 597 eum
339 542 458 608 Virgilio,
474 548 504 594 ut
519 557 569 607 ego
585 543 663 605 paulo
703 555 789 591 comes
800 554 856 591 esse
872 539 1023 590 cousuevit:
1040 539 1164 605 quocirca
1175 541 1232 604 pul·

135 628 196 672 aute
217 619 423 683 commemoravi,
445 617 596 683 praeferam,
617 623 663 668 aut
703 617 822 669 cherrimi
839 615 953 666 criminis
970 613 1142 677 insimulatur,
1162 622 1189 664 et
1207 615 1232 664 ei

134 697 214 747 etiam
231 710 291 745 cum
308 695 399 746 eodem
416 695 468 744 ullo
489 701 567 758 pacto
577 692 663 743 coute-
703 694 788 757 culpa
798 690 883 742 affinis
893 705 950 740 esse
961 689 1087 753 creditur,
1098 689 1140 740 cui
1152 691 1232 741 etiam

135 785 205 832 ram;
221 784 375 836 quamquam
391 783 441 819 non
459 768 600 821 minoribus
619 774 663 818 aut
703 768 743 817 tt.
755 768 895 817 Varronem
905 772 934 815 et
952 762 1088 828 Nigidium
1103 764 1233 828 Figulum,

135 846 297 910 paucioribus
307 844 447 896 uirtutibus
464 844 550 908 ipsum
562 844 663 894 enitere
703 843 820 894 adolebis
831 840 979 893 Lucretium
995 839 1233 903 earumobnoxtus

134 935 187 970 non
197 919 337 971 difficulter
352 920 532 970 demonstrare
547 933 663 984 possem
703 919 781 971 fuisse
798 923 910 981 constat,
926 931 990 982 quos
1009 915 1078 966 siros
1094 928 1172 965 namo
1188 931 1234 966 un·

136 994 182 1045 sed
200 1001 300 1045 tantum
316 1002 347 1045 ut
358 994 502 1054 ostendam,
513 1009 555 1044 me
566 994 663 1060 aliquid
705 1011 780 1062 qnam
792 996 855 1046 satis
873 992 997 1045 lauwit.
1021 989 1120 1042 Scribit
1134 989 1235 1043 Aristo·

134 1077 270 1135 sequutum
281 1085 336 1121 esse
351 1070 377 1119 iu
392 1084 422 1120 eo
436 1070 508 1120 vobis
520 1085 664 1134 proponen-
704 1068 1147 1131 talesinProblematis,ueqnencu
1156 1066 1235 1118 etiarn

134 1145 177 1196 do.
193 1145 253 1195 Scio
265 1144 384 1209 equidem
393 1146 540 1208 complures
549 1146 665 1196 eruditos
706 1146 795 1211 prodit
814 1143 962 1208 Xenophon
991 1142 1017 1190 ln
1044 1141 1236 1192 Commentario

133 1220 202 1270 viros
213 1221 248 1269 de
257 1220 390 1284 superiore
401 1221 459 1270 loco
471 1218 620 1271 fnbscolim
628 1221 666 1270 iu·
704 1220 758 1286 aspi
776 1221 878 1282 inuris,
898 1216 1086 1268 ambulationes
1105 1231 1159 1278 eas,
1178 1231 1235 1281 qum

134 1302 295 1358 terpretatos
307 1295 441 1358 Ovidium,
458 1297 598 1359 Lucanum,
609 1297 667 1347 Sta·
706 1311 755 1361 per
774 1310 866 1360 aspera
884 1299 912 1344 ct
929 1291 1067 1357 inaequalia
1084 1292 1142 1341 loca
1161 1289 1236 1356 liunt,
1328 1354 1332 1360 ¹

134 1370 212 1433 tium,
226 1370 326 1432 Silium,
336 1371 469 1421 Valerium
480 1372 613 1435 Flaccum,
622 1374 668 1424 Se·
706 1371 791 1422 minus
812 1371 893 1420 multo
912 1383 970 1418 esse
990 1366 1142 1431 laboriosas,
1159 1381 1237 1430 quam

134 1459 236 1508 necans,
247 1445 406 1509 Martialem,
416 1447 526 1511 reliquos
536 1448 611 1512 hujus
621 1463 667 1499 no·
706 1460 766 1512 quae
786 1461 833 1510 per
845 1446 923 1510 plana
934 1449 962 1494 et
972 1442 1083 1508 aqualia
1097 1440 1238 1492 conficiun-

137 1527 173 1573 ta
185 1527 315 1585 auctores,
325 1528 361 1585 et,
371 1536 417 1572 cnr
428 1522 455 1572 id
472 1522 594 1585 feceriut,
603 1525 667 1575 satis
706 1528 760 1575 tur.
792 1521 865 1571 Idem
884 1521 910 1569 in
928 1520 978 1569 hoc
1001 1517 1105 1582 poetico
1126 1518 1238 1568 decursu

136 1596 297 1660 probabilem
317 1598 443 1648 rationem
470 1598 591 1650 attulisse
617 1600 667 1651 sibi
706 1595 955 1648 eveniredicendum
965 1593 1057 1655 est3iu
1066 1608 1116 1659 quo
1125 1591 1238 1645 facilitas

135 1673 219 1733 visosr
237 1688 286 1737 ego
297 1673 349 1724 mei
360 1666 471 1737 consilii,
483 1673 608 1726 videlicet
621 1690 667 1726 cur
707 1673 827 1739 quaedam
843 1673 886 1721 vel
903 1670 1025 1720 dictionis
1044 1669 1085 1718 vel
1108 1668 1239 1732 cuminis,

135 1747 211 1798 vobio
223 1749 352 1799 Catullum
363 1749 506 1813 praelegere
517 1748 544 1799 in
555 1750 668 1800 animum
707 1756 735 1803 ct
745 1749 859 1800 lubricus
870 1748 916 1798 ille
927 1748 1014 1812 lapsus
1022 1746 1090 1796 vires
1100 1745 1239 1808 plurimum

135 1823 519 1888 induxerim,justamcaussam
529 1840 581 1876 non
589 1826 667 1877 habe-
707 1826 813 1892 frangit,
824 1840 854 1876 ac
866 1824 946 1875 robur
957 1836 1032 1873 omne
1050 1821 1153 1886 penitus
1165 1821 1238 1872 debi-

85 1955 98 1968 ,
137 1899 188 1949 bo?
212 1914 290 1965 quem
312 1900 417 1963 po'e'tanr
435 1900 546 1950 Ovidius
564 1902 668 1952 Maroni
707 1905 782 1965 litat;
799 1901 917 1953 cuivitio
934 1900 1038 1951 videtur
1053 1897 1240 1948 nonnullisob·

137 1976 269 2039 opposuit,
291 1975 423 2025 Martialis
443 1975 492 2025 sibi
516 1977 670 2041 preposuit,
707 1980 800 2030 uoaius
822 1992 879 2027 esse
901 1975 1022 2025 Ovidius.
1058 1973 1153 2037 itaque
1174 1973 1240 2023 illud

137 2049 211 2101 docti
232 2063 320 2100 omues
341 2050 406 2099 nulli
428 2057 597 2114 postponunt.
632 2053 670 2102 Et
709 2054 841 2119 praecipue
850 2052 877 2101 in
887 2050 990 2101 Catullo
1001 2049 1159 2112 vituperant,
1169 2048 1240 2100 unde

137 2125 242 2189 quidem
259 2124 375 2173 Catullus
390 2124 417 2173 in
428 2124 527 2174 lambis
538 2133 579 2175 est
589 2126 670 2176 omui·
709 2141 760 2177 non
771 2127 892 2189 exiguam
904 2124 1007 2174 laudem
1018 2122 1143 2174 inmerito
1151 2136 1240 2173 couse-

136 2200 186 2250 bus
203 2198 306 2250 Latinis
318 2198 416 2261 optimo
426 2198 487 2262 jure
497 2200 671 2265 praelatus,ut
710 2201 755 2266 qui
765 2201 883 2251 deberet.
918 2199 977 2251 Jam
988 2196 1057 2262 qnod
1068 2196 1179 2248 eundem
1193 2195 1240 2246 ob·

138 2281 202 2337 pote
213 2273 256 2337 qui
267 2273 294 2321 in
305 2273 352 2337 eis,
362 2280 390 2323 et
399 2272 551 2325 inventione
567 2281 596 2327 et
610 2277 671 2327 niti·
709 2275 852 2327 screnitatis
862 2273 1022 2335 insimulant,
1032 2271 1136 2335 culpam
1153 2271 1240 2322 aetatis

139 2348 246 2401 dissime
267 2347 406 2398 verborum
429 2356 566 2414 apparatu,
591 2367 672 2417 supra
709 2352 831 2417 iuipsum
848 2349 954 2415 politam
971 2346 1108 2412 rejiciunt:
1125 2346 1184 2396 dico
1196 2360 1241 2396 cu·

138 2439 215 2489 quam
226 2423 298 2473 credi
308 2429 406 2488 potest,
414 2425 534 2476 emineat.
555 2427 587 2478 lu
598 2428 671 2479 Heu·
709 2435 764 2481 tem
775 2429 878 2492 culpam
897 2425 993 2489 artatis,
1013 2429 1152 2491 propterea
1164 2421 1241 2489 'quod

138 2498 320 2564 decasyllabis,
331 2500 493 2564 proprietate
507 2505 630 2556 sermonis
642 2513 671 2557 et
710 2504 847 2555 admodum
852 2503 957 2568 invenis
965 2516 996 2552 ea
1003 2500 1107 2565 scripsit
1117 2499 1243 2562 catullus,

138 2577 195 2626 soni
214 2576 352 2627 dulcedine
374 2582 415 2627 est
435 2577 603 2632 inimitabilia.
637 2581 670 2633 Iu
710 2580 925 2646 quaenouuullanr
941 2576 1112 2642 petulantiam
1127 2573 1241 2626 etlasci-

140 2650 228 2715 Elegis
245 2651 358 2701 omnium
376 2652 527 2704 Latinorum
539 2656 671 2708 candidis·
709 2656 777 2707 viam
798 2669 851 2720 pra
874 2670 903 2705 se
922 2660 1030 2719 gerunt;
1047 2657 1152 2705 constan
1173 2650 1243 2701 euim

139 2727 348 2779 simushabetur.
381 2728 415 2778 In
431 2730 506 2794 Lyris
516 2733 670 2787 tenerrimus
709 2732 793 2797 ipsum
809 2731 853 2781 vix
864 2731 1025 2794 trigesimum
1036 2729 1121 2780 aetatis
1133 2743 1185 2778 suaa
1197 2741 1242 2775 an·

139 2818 170 2854 ac
181 2804 344 2854 suavissimus
361 2818 419 2855 esse
435 2805 605 2869 dignoscitur.
637 2809 670 2860 Ia
709 2821 771 2856 num
783 2805 912 2870 attigisse,
922 2820 980 2854 cum
991 2819 1025 2853 ex
1035 2804 1100 2854 vivis
1112 2802 1243 2853 excessit:

140 2879 262 2930 Heroicis
274 2882 316 2930 vel
333 2894 430 2944 parem,
446 2882 488 2930 rel
505 2888 578 2932 certe
594 2898 670 2947 supe·
710 2896 742 2931 ac
751 2882 837 2931 solent
846 2878 1076 2942 adolescentiores,
1087 2886 1141 2928 tum
1153 2878 1180 2927 in
1190 2892 1245 2928 ser·

140 2955 244 3017 riorem,
253 2954 333 3003 babet
342 2952 480 3004 neminem.
497 2954 592 3019 Neque
602 2956 671 3007 tuuc
711 2972 788 3009 mone
805 2966 860 3007 tum
876 2957 903 3006 iu
919 2957 983 3021 ipsis
995 2955 1150 3016 actionibus,
1161 2955 1243 3004 liceu-

140 3028 674 3083 rnultisiulocisimitandumsibiduxisset
713 3034 764 3084 tius
775 3047 811 3096 se,
822 3047 900 3097 quam
917 3035 1048 3094 oporteat,
1064 3043 1183 3092 persaepe
1200 3044 1244 3093 gc·

140 3105 274 3168 Virgilius,
290 3103 449 3168 nisideejus
461 3104 674 3168 ingenioeteru·
713 3123 782 3159 rere.
814 3107 866 3156 Sed
884 3113 912 3156 et
930 3105 981 3156 ari
997 3104 1076 3167 culpa
1091 3118 1124 3153 es
1141 3103 1201 3167 suit,
1216 3105 1244 3155 iu

139 3181 239 3231 ditione
250 3181 349 3243 optime
366 3179 499 3243 sensisset,
516 3186 594 3246 atque
605 3181 673 3245 ejus·
714 3182 782 3248 quod
801 3182 846 3232 ille
864 3181 972 3244 incidit;
990 3181 1063 3231 velut
1081 3194 1114 3229 ex
1122 3180 1245 3247 Horatio,

140 3257 200 3307 dem
209 3256 324 3306 carmina
334 3254 549 3305 valdebouaesse
556 3257 674 3320 judicas·
713 3257 824 3319 Tibullo,
840 3256 990 3320 Propertio,
1006 3255 1115 3320 aliisque
1126 3255 1188 3306 sciri
1200 3271 1246 3321 po·

139 3339 195 3393 set;
206 3331 240 3380 de
250 3344 301 3394 quo
309 3327 354 3377 alii
361 3342 462 3392 quoqne
470 3328 539 3379 idem
545 3330 674 3393 judicium
714 3339 778 3385 test.
811 3333 909 3383 Verum
930 3332 987 3382 baec
1006 3332 1163 3384 obscoenitas
1180 3335 1246 3385 nulli

139 3406 235 3455 iecisse
258 3403 391 3465 videntur,
412 3418 471 3454 cum
496 3405 580 3469 ipsum
602 3407 675 3460 docti
714 3409 1247 3478 prorsusimpedimentoessedebet,quo·

139 3480 244 3530 nontine
255 3477 386 3529 communi
403 3494 530 3530 consensu
541 3497 673 3549 nuncupa·
713 3489 798 3538 minus
809 3488 875 3538 bunc
886 3487 992 3552 poetam
1004 3488 1142 3551 plurimum
1153 3489 1245 3552 diliga-

139 3563 211 3617 runt,
223 3555 292 3621 qnod
303 3554 421 3606 Pacuvio
433 3561 535 3608 tantum
546 3563 574 3609 et
591 3559 673 3611 Calvo
713 3579 780 3626 mus,
790 3571 868 3629 atque
881 3562 962 3627 ipsius
980 3563 1116 3627 plerasque
1126 3563 1248 3628 scriptio·

142 3632 284 3698 contigisse
296 3630 419 3682 novimus.
436 3631 555 3698 Denique
567 3639 607 3685 tot
618 3639 674 3686 tan·
713 3654 760 3690 nes
774 3639 926 3704 frequenter
937 3639 1096 3702 lectitemus,
1111 3653 1151 3702 ac,
1165 3653 1245 3703 quan·

142 3717 228 3776 taeque
239 3709 351 3759 virtutes
361 3707 389 3757 in
399 3707 447 3758 boc
465 3707 544 3772 polita
558 3710 673 3776 elucent,
714 3723 768 3767 tum
775 3715 1017 3780 possumnqimitari
1023 3727 1158 3764 conemur:
1169 3712 1248 3776 pluri·

140 3792 170 3836 ut
180 3785 273 3835 merito
282 3784 316 3833 de
327 3797 359 3834 eo
371 3781 469 3833 dictum
480 3781 570 3850 luerit,
591 3787 674 3837 ‘'ran-
714 3793 918 3856 busenimatque
929 3792 961 3841 iis
972 3791 1076 3857 quidem
1087 3788 1248 3839 nitidissimis

142 3869 198 3913 tum
209 3878 288 3928 parva
299 3876 345 3913 sno
356 3861 550 3914 debetVerona
560 3863 676 3932 Catullo,
715 3868 819 3933 ingenii,
841 3869 995 3930 venustatis,
1016 3865 1164 3929 elegantia,
1186 3865 1247 3915 doc·

143 3938 276 3990 Quantum
291 3953 385 4004 magna
400 3953 448 3988 suo
463 3939 576 3989 Mantua
590 3941 675 4006 Virgi·
716 3946 792 3996 trinta
803 3944 943 3995 luminibus
954 3941 1078 3993 interlita
1089 3945 1159 4002 eunt,
1169 3947 1248 4004 atque

142 4013 196 4061 lio!
225 4013 674 4079 Nam,qnodquidamipsnmduri·
715 4035 870 4086 peraperta.
912 4019 986 4070 Nihil
1008 4025 1095 4066 autem
1119 4015 1249 4079 probibet,

143 4090 259 4139 emulum
268 4090 675 4155 esseconteudunt,usajestatons
714 4099 850 4163 quominus
871 4097 951 4148 bonos
969 4093 1082 4144 rncdicoe
1104 4093 1247 4155 imitemnr;

142 4165 170 4217 iu
181 4177 213 4218 eo
224 4165 382 4234 vituperant,
391 4167 465 4234 cujus
479 4166 532 4234 illa,
543 4180 620 4234 qnam
629 4169 675 4224 isti
713 4173 758 4243 qui
770 4187 803 4226 ex
816 4171 949 4225 venenatis
963 4169 1044 4223 etiam
1055 4170 1097 4222 vel
1108 4168 1195 4222 berbis
1206 4170 1247 4220 vet
