2752 4694
391 324 397 333 -
431 302 473 357 tn
496 303 664 358 carnum
688 306 845 359 canuam
869 308 965 361 xxv.
1183 298 1248 366 dil

135 446 314 499 solemmter
331 460 364 498 ex
383 448 534 513 quibasdam
546 449 636 515 signis,
648 456 678 500 ut
715 448 845 500 Pindarus
855 451 927 515 ἀκρον
937 451 1022 515 ἄατον,
1033 454 1071 505 sic
1082 453 1156 505 dicit.

135 524 215 589 prior
225 524 259 573 sit
269 524 429 576 concoctos!
747 530 763 575 t
775 527 873 576 Mallem
882 528 979 578 delirius
986 530 1045 579 mili
1052 531 1163 593 dedism,
1170 533 1249 588 qurs

176 603 208 648 la
228 599 303 662 Atqui
319 614 417 664 corpora
433 601 626 666 εἰσοίοταωηιι]
644 603 678 653 In
714 600 815 664 issimi
833 610 1055 668 aeqssoemssest,
1073 621 1115 656 aec
1132 608 1249 671 urru]1n

137 673 245 724 duobus
260 674 334 725 libris
344 674 677 742 Maffeiscilicet,acmeo,
715 677 897 741 manuscriptis
919 678 1036 729 omnibus
1055 687 1123 743 erat,
1150 683 1248 733 Malieon

136 750 287 814 legebatur,
303 751 356 802 Ast
372 752 429 816 qai:
455 752 594 816 legendum
614 760 678 817 puto
714 754 814 803 dicitius
834 755 1153 818 milidedisses,1sti‚cui
1174 775 1248 823 aequa

137 825 176 875 ad
186 828 344 877 sententiam
356 829 451 892 aptius,
466 830 500 878 Ut
511 832 559 892 qai.
591 831 678 880 Cornu
714 837 967 896 remurmuremus.
985 834 1025 883 Ea
1032 848 1093 884 sane
1101 839 1248 887 sententia:

138 916 245 968 quoqne
260 910 395 968 comparat
413 906 587 956 tenuissimam
607 908 679 970 puel·
715 908 832 969 Mallem,
853 909 948 974 inquit,
970 914 999 958 tn
1025 909 1122 959 homini
1144 910 1248 962 divitias

138 978 193 1028 lam
204 985 297 1030 auctor
314 980 396 1030 Lusus
408 980 435 1030 in
446 981 588 1044 Priapum:
607 982 677 1047 quod
715 985 803 1046 egenti
821 983 908 1047 dares,
920 999 996 1050 quam
1011 992 1132 1049 paterere
1151 987 1185 1037 ab
1201 988 1247 1037 illo

137 1058 204 1122 qnia
220 1065 303 1109 toturn
314 1060 389 1124 hujus
404 1067 446 1110 est
456 1061 556 1112 Poima
573 1069 676 1113 senten·
714 1065 742 1108 te
753 1062 849 1110 amari:
872 1075 940 1123 nam,
957 1060 1057 1122 ‘mihi’
1075 1061 1112 1111 sic
1130 1075 1247 1111 nonnun-

138 1135 316 1198 timpanum:
332 1137 676 1204 ‘Urisarlrliurpuellapas-
714 1149 790 1198 qnam
811 1143 911 1197 ponunt
932 1137 1083 1200 scriptores,
1098 1152 1158 1187 cum
1173 1153 1246 1189 suum

137 1211 185 1274 sis,
206 1212 283 1261 Buxo
312 1212 442 1277 pallidior,
466 1228 584 1280 novaque
606 1230 676 1280 cera,
713 1209 738 1256 id
751 1223 807 1258 esse
819 1210 953 1259 consilium
971 1210 1123 1273 significant,
1135 1220 1163 1262 et
1175 1215 1246 1277 jndi-

137 1285 244 1336 Cullata
264 1286 314 1336 sibi
335 1302 393 1353 qua
415 1290 519 1354 suisque
547 1290 676 1356 membris,
713 1283 1245 1347 ciuminterponnntsuum:duriusculum

137 1362 275 1413 Formicss
289 1360 354 1412 facit
365 1364 451 1414 altiles
469 1364 560 1415 sideri.
594 1367 675 1430 cujus
713 1366 800 1410 tamen
812 1361 929 1411 hocloco
941 1361 978 1410 sic
990 1363 1102 1426 positum
1114 1364 1244 1416 rideatur.

136 1438 242 1488 viscera
254 1452 306 1488 non
324 1445 416 1503 aperta
434 1440 533 1490 'l'uscus
551 1441 605 1491 Per
621 1445 676 1501 pel.
712 1436 757 1486 aed
769 1438 857 1500 aptius
868 1438 931 1486 nihil
943 1438 969 1487 in
981 1446 1095 1491 mentem
1105 1434 1226 1495 ueniebat
1238 1461 1245 1494 ι

136 1513 192 1563 lem
210 1514 311 1576 poterit
329 1514 418 1564 videre
436 1515 575 1577 haruspex.
609 1518 674 1568 Qum
712 1512 864 1563 inconcinne
888 1515 957 1564 enim
982 1515 1069 1580 Quom,
1090 1521 1245 1582 particulam

136 1603 220 1640 sacco
229 1597 304 1641 caret
315 1598 344 1642 ut
355 1591 491 1658 putrisque
502 1606 609 1656 pumex,
620 1594 674 1644 Ne·
712 1600 890 1655 repeteret‚et
900 1596 1030 1644 sententia
1039 1602 1108 1645 esset
1116 1597 1173 1658 ipsa
1182 1612 1244 1646 sane

136 1678 183 1716 mn
193 1665 291 1716 rideris
299 1667 365 1717 lianc
373 1675 403 1717 ut
414 1675 580 1732 expuentem,
589 1671 674 1721 Quam
711 1667 900 1730 inelegantius:
919 1669 958 1718 sin
977 1669 1025 1719 hoc
1044 1683 1095 1719 non
1111 1671 1245 1735 probatur,

137 1755 189 1806 pro
208 1743 335 1806 sangnine
361 1743 494 1813 pulverem
516 1744 673 1810 scobemque
711 1742 850 1791 videndum
869 1744 957 1806 etiam,
979 1751 1059 1809 atque
1077 1746 1155 1796 etiam
1175 1761 1246 1797 men-

136 1819 252 1869 invenis
270 1820 363 1870 medici
380 1826 477 1884 putant
490 1821 595 1871 habere.
630 1821 673 1873 Ad
711 1817 1094 1883 dosonelegaturuicversm.

134 1905 181 1945 me
192 1901 271 1944 nocte
286 1897 352 1945 solet
364 1897 464 1959 venire,
474 1905 502 1947 et
515 1897 601 1948 adfert
614 1901 673 1949 Pal·
743 1899 760 1943 6
777 1896 855 1952 Quum
868 1897 903 1945 sic
918 1904 942 1947 te
957 1898 1044 1947 sinerm
1059 1899 1089 1947 ab
1100 1898 1245 1963 nicanori]

136 1969 231 2031 iorem,
240 1971 401 2036 maciemque
411 1971 545 2022 larvalem.
568 1973 673 2023 Ductor
711 1971 742 2017 ln
754 1970 938 2033 manuscriptis
948 1970 1075 2030 omnibus,
1087 1985 1137 2021 non
1148 1971 1178 2021 ab
1189 1973 1245 2036 isto,

136 2043 242 2095 ferrens
267 2045 384 2095 inssrlaris
404 2059 478 2110 aeque
497 2047 617 2096 Laternae
636 2048 672 2096 vi·
710 2042 797 2090 sedai
815 2043 872 2101 illo,·
890 2045 957 2108 quud
976 2051 1017 2094 est
1034 2045 1067 2108 ei,
1085 2060 1162 2111 quam
1179 2049 1243 2113 dixi,

137 2119 204 2171 dsor
212 2119 310 2170 fricare
322 2120 422 2170 cornu.’
710 2119 849 2166 sententia
861 2118 1032 2182 aptissimum.

171 2199 206 2245 10
221 2194 410 2256 Purs'orsulillo]
435 2195 613 2245 Ut‘salillnm
626 2211 673 2260 pu·
736 2192 1242 2260 tQoiauaesrtomo]Legeudumputo,

137 2282 197 2322 mm
212 2269 222 2295 ⁹
233 2271 360 2336 Catullus,
371 2277 398 2320 et
410 2271 504 2321 Horat.
517 2280 545 2322 et
558 2273 566 2300 ⁴
578 2280 672 2322 morra.
710 2280 741 2315 ac
753 2266 957 2331 dispungendum
972 2268 1025 2318 hoc
1038 2270 1126 2333 ruodo,
1137 2273 1185 2320 Cui
1196 2287 1242 2322 soa

136 2347 205 2398 rium
217 2345 326 2412 pnrum'
338 2347 671 2406 CatodeReRust.dirit,
710 2349 754 2392 etf-
771 2343 1042 2407 narrationisque
1059 2351 1105 2395 est.
1139 2348 1241 2398 Bellum

136 2423 404 2488 ‘Alicamlaaquam
412 2423 672 2485 fundito‚ubimullls
698 2433 773 2501 suero
794 2419 922 2470 nominem
948 2420 1072 2470 dicebant
1094 2424 1242 2487 elegantem

136 2500 200 2563 erit,
209 2499 236 2548 in
247 2498 399 2549 mortarium
411 2513 503 2562 purum
516 2499 618 2550 indito?
710 2503 787 2559 atque
808 2496 943 2546 arrianum·
975 2496 1019 2545 Sic
1041 2497 1097 2552 Cic.
1121 2499 1167 2548 lib.
1191 2513 1242 2552 urs.

170 2578 205 2623 26
217 2575 249 2623 lit
257 2575 434 2637 &tertiaque
442 2576 501 2624 soles
509 2577 603 2638 procuri
612 2579 672 2627 Cea.
710 2572 795 2633 Epist.
807 2571 839 2620 ad
850 2572 953 2621 Trebat.
969 2574 976 2599 ‘
990 2572 1048 2634 Ego
1061 2573 1081 2621 si
1099 2572 1163 2624 foris
1173 2578 1242 2626 ceni·

135 2653 189 2698 iana
206 2650 297 2713 Mne]
313 2651 370 2713 Ego
388 2665 452 2699 vero
472 2651 509 2701 sic
531 2652 671 2717 distinguo,
709 2653 801 2708 tarem,
816 2648 865 2696 Cn.
878 2647 990 2697 Octavio
1002 2648 1121 2698 familiari
1133 2656 1177 2700 tno
1189 2665 1240 2702 non

135 2726 372 2790 ditissimumque
387 2727 454 2787 sums,
468 2727 563 2790 precari
580 2733 672 2778 cessum
709 2721 859 2785 defuissem,
878 2723 920 2771 cui
942 2731 1029 2772 tamen
1045 2723 1108 2787 dixi,
1123 2740 1181 2776 cum
1199 2740 1241 2777 me

134 2803 227 2853 aeriae.
709 2801 863 2864 aliquotiens
874 2801 1007 2863 invitaret,
1017 2802 1083 2853 Quis
1096 2809 1124 2851 tu
1135 2805 1178 2852 es?
1194 2805 1240 2853 sed

168 2884 203 2929 Y!
221 2880 285 2931 Nun
302 2886 341 2930 sut
358 2895 383 2931 es
403 2878 494 2943 leatus]
510 2881 542 2929 ln
554 2882 672 2932 omnibus
710 2878 847 2937 mercules,
865 2884 941 2927 extra
955 2879 1044 2941 jocum
1064 2879 1140 2928 homo
1158 2879 1240 2930 bellus

134 2956 329 3021 manuscriptis,
348 2955 416 3007 Satis
434 2957 530 3014 beatum·
546 2956 592 3005 sed
607 2957 671 3007 illud
709 2954 774 3003 estz’
790 2961 819 3003 et
829 2953 875 3003 lib.
886 2968 905 3004 r.
922 2954 954 3002 ad
966 2953 1023 3004 Au.
1040 2955 1156 3003 ‘Durius
1172 2957 1240 3004 acci-

133 3030 244 3082 rectins.
709 3028 1240 3091 perehocmihivisusesgqnamvellem

267 3093 421 3146 CARMEN
439 3097 541 3146 XXIV.
709 3109 736 3151 et
747 3117 824 3166 quam
835 3101 949 3150 homines
962 3101 1133 3151 bellisolent!

173 3183 248 3248 Οῃί
260 3183 375 3247 flosculus
389 3199 414 3233 ep
427 3183 614 3246 Juventilorum]
638 3183 670 3232 In
734 3174 1240 3242 9Hoectuqunmlidefudt'oe,cleouqtte]ln

135 3260 322 3324 manuscriptis
342 3259 461 3309 omnibus
478 3267 528 3321 est,
545 3259 670 3308 durentia.
708 3253 892 3318 manuscriptis
902 3252 1030 3316 omnibus,
1038 3252 1100 3318 Hor,
1108 3267 1161 3304 nun
1168 3255 1240 3308 Hoec.

134 3348 209 3384 rara·
243 3333 294 3384 uod
306 3341 347 3384 est
358 3336 436 3384 etism
449 3335 482 3385 ab
493 3336 551 3384 aliis
568 3336 616 3384 'am
638 3336 671 3384 ri·

135 3349 440 3460 nern’rsqutmadversum:
457 3411 503 3459 sed
524 3411 551 3458 id
561 3350 670 3475 Jquogne
840 3381 995 3433 CARMEN
1013 3383 1101 3434 xxv·

134 3485 450 3548 confirmari‘scriptorum
460 3485 584 3534 librorum
598 3487 671 3536 testi·
739 3490 755 3534 2
776 3485 819 3535 Vel
829 3485 919 3534 anseris
929 3485 1064 3548 medullula,
1071 3487 1108 3535 vel
1115 3487 1181 3536 tastu
1191 3502 1241 3536 mo-

134 3563 237 3625 moniis,
245 3563 332 3613 dicere
343 3563 418 3612 volui.
428 3565 436 3590 ‘
445 3560 595 3611 flosculum'
607 3577 670 3612 vero
706 3561 794 3625 tirello]
810 3561 843 3610 In
854 3562 1036 3625 manuscriptis
1046 3563 1163 3612 omnibus
1173 3571 1239 3624 erat,

134 3638 214 3701 dixit,
233 3638 301 3686 illius
322 3637 509 3700 praetendam,
527 3643 605 3701 atque
625 3652 670 3688 ex·
711 3638 753 3687 Vel
762 3637 853 3686 aarum
868 3638 977 3699 medulla,
987 3639 1023 3686 nel
1033 3638 1099 3688 inula
1110 3639 1241 3695 anicula:

133 3712 284 3764 cellentiam
310 3711 399 3760 formae
427 3711 584 3774 significans.
626 3714 671 3764 Sic
707 3711 908 3760 etcmendstum
923 3712 950 3760 in
969 3713 1098 3762 nonnullis
1114 3715 1238 3763 morioilln.

133 3790 205 3841 idem
217 3789 289 3851 alibi,
303 3790 311 3818 ‘
323 3789 383 3837 Flos
394 3788 579 3837 veronensium
591 3788 670 3853 depe·
707 3787 762 3849 Ego
772 3787 948 3850 conjecturam
956 3785 1084 3836 faciebam
1092 3788 1239 3851 legendnm,

134 3872 213 3915 renat
226 3862 371 3927 juvenum!
398 3862 486 3912 Plaut.
503 3878 606 3986 qtffim
620 3866 669 3914 Ca·
712 3860 753 3910 vel
768 3862 858 3909 aarum
874 3862 1009 3923 medullula,
1022 3861 1239 3910 oelinsioomrri-

134 3941 201 3995 sina‚
218 3938 380 3986 excellentes
398 3935 495 3985 Poetas
513 3938 521 3984 i
588 3940 670 4003 igens,
704 3936 767 3986 oilla.
784 3937 960 3986 Inulamenim
971 3935 1239 3996 amaramessefflliu·

134 4017 211 4077 dixit,
222 4018 230 4044 ‘
244 4015 283 4063 Ea
296 4019 453 4076 tempestate
471 4011 518 4062 dos
533 4014 669 4077 poetarum
706 4013 785 4063 docet
796 4013 840 4062 lib.
853 4025 913 4062 arx.
923 4012 931 4038 ⁴
940 4008 1067 4068 Brevior,’
1077 4008 1172 4072 inquit,
1181 4014 1189 4039 ⁴
1198 4012 1238 4063 iris

135 4091 206 4142 fuit?
255 4092 290 4140 Et
318 4090 430 4138 Thescr.
452 4090 529 4147 τᾶμος
551 4091 670 4141 ναυτιλίας
705 4096 755 4150 est,
774 4090 820 4137 sed
842 4085 950 4137 torosior
975 4084 1136 4148 amariorque
1158 4086 1237 4151 inula,

133 4165 536 4231 marcomannorum.
556 4161 669 4234 Etsups
705 4179 753 4228 per
775 4181 804 4217 se
823 4159 947 4213 stomachi
967 4159 1159 4213 inimicissima!
1202 4167 1237 4216 Er
