2752 4694
445 316 477 362 c.
502 313 661 363 vinnan
686 315 863 363 curuum.
1083 342 1087 349 ·
1134 301 1199 366 835

99 459 134 522 in
149 456 339 533 Germania,
354 455 437 519 nihil
452 455 544 519 aliud
559 454 600 518 de
615 455 693 536 ipsa
707 454 851 518 editione
866 473 929 516 nos
949 453 1048 536 Angli
1069 455 1199 521 andivi-

99 577 187 622 mus.

143 658 257 722 Nece
268 676 303 720 re
317 662 432 720 nostra
447 657 581 720 omnino
604 656 749 718 alienum
765 656 910 732 videtur,
933 654 1081 720 indicare
1097 657 1198 742 Frag-
1327 678 1330 683 ·

100 765 245 823 mentum
271 755 408 832 Catulli,
435 775 500 819 non
515 757 563 820 ita
575 755 704 838 pridem
725 776 747 820 a
760 756 794 820 J.
810 755 1013 833 Marshamo,
1030 757 1198 841 Hispano,

99 859 192 943 apud
205 857 327 922 Gallos
353 856 530 932 militante,
551 876 571 919 e
592 855 661 919 Ms.
677 855 918 921 Herculanensi
943 856 979 919 in
1000 858 1108 921 lucem
1123 878 1200 941 pro·

100 960 249 1035 ductum,
278 963 314 1022 et
332 963 451 1041 postea
474 978 550 1022 cum
572 963 702 1023 vetusto
725 958 839 1022 codice
860 960 895 1022 in
918 956 1127 1022 Bibliotheca
1141 958 1199 1023 Je-

100 1059 197 1123 nensi
220 1059 392 1135 collatum,
420 1063 453 1120 et
475 1078 578 1122 exeo
601 1058 718 1139 viginti
740 1060 894 1123 versibus
917 1064 1062 1137 auctum,
1090 1059 1198 1139 Jenae,

100 1158 197 1224 1807.
219 1160 280 1223 sol.
325 1158 364 1222 Si
379 1160 456 1242 quis
471 1158 514 1222 de
526 1159 589 1223 hoc
604 1161 702 1244 plura
718 1162 796 1225 velit
810 1162 966 1225 consulat
979 1162 1199 1251 Supplemen

100 1267 138 1325 ta
151 1261 194 1324 ad
211 1259 361 1334 Harlesii
373 1259 455 1323 Not.
470 1260 570 1323 Brev.
585 1261 652 1326 Lit.
668 1261 768 1324 Rom.
783 1269 937 1344 portur.
950 1283 985 1345 p.
1001 1263 1055 1327 17.
1071 1283 1122 1347 sq.

143 1360 238 1425 Inter
274 1359 454 1424 finiendum
483 1366 652 1438 notamus,
691 1361 783 1444 quod
815 1362 954 1425 lectores
981 1369 1115 1428 nostros
1139 1366 1196 1438 vix

97 1459 253 1541 effugisse
281 1464 406 1543 potest,
435 1461 634 1525 recentiores
658 1461 800 1526 Latinos
828 1459 950 1544 politas
976 1461 1010 1524 in
1034 1463 1196 1528 imitando

97 1560 233 1624 Catullo
259 1559 383 1623 multos
406 1558 531 1624 fuisse:
563 1560 647 1625 inter
679 1580 769 1644 qnos
793 1571 1042 1627 annumerentur
1064 1564 1196 1630 Bacha-

96 1678 216 1737 nanns,
240 1659 345 1737 Beue,
373 1658 536 1738 Muretus,
562 1661 713 1727 Joannes
727 1663 915 1740 Secundusr,
939 1662 1036 1735 Marc
1052 1661 1197 1735 Antoine

100 1760 279 1838 Flaminio,
296 1760 477 1841 MeursinS,
492 1763 538 1827 V.
553 1765 735 1842 Bournius,
750 1785 828 1828 cum
841 1783 937 1847 paene
953 1766 1110 1829 omnibns
1123 1766 1196 1836 sive

97 1862 157 1944 qni
181 1861 362 1943 elegantias
389 1862 500 1927 Latini
526 1864 686 1943 carminis
709 1866 742 1930 in
772 1865 905 1940 deliciis
933 1864 1101 1945 haberent,
1124 1868 1195 1937 sive

97 1960 261 2037 amatoria
274 1962 445 2047 spirarent
641 1952 663 2005 '⁴⁸
