2752 4694
428 337 466 387 sa
491 336 658 389 ossuum
682 337 839 387 csnssau
864 337 947 386 xiv.
1160 324 1226 390 ddd

135 475 661 543 censmsecnmffltoseautemnihil
697 478 782 529 clarus
804 477 869 539 fnit3
894 494 928 529 ex
946 493 997 544 qno
1018 478 1134 543 imperiti
1153 479 1227 544 duos,

134 553 389 617 suppeditetpmter
394 560 561 616 unguentum.
571 553 662 604 Scien-
697 566 776 601 unum
787 552 907 616 Potitum,
917 559 946 602 et
958 554 1069 603 alteram
1080 553 1229 619 Oratorem,

134 629 354 689 tumeat,
363 635 468 677 veteres
477 626 584 679 floribus
594 629 662 678 redi-
696 625 803 676 faciunt.

134 705 221 768 dna,
239 704 430 768 unguentisque
447 703 577 754 delibutos
593 703 662 753 ceni·
730 702 827 751 bodio
847 702 986 767 Varium]
1002 704 1122 756 Macrob.
1139 707 1183 756 lib.
1195 721 1227 757 n.

129 786 210 838 usse,
218 779 262 828 ubi
273 793 301 828 se
311 779 559 829 liberulitninriture
570 780 661 829 decre·
698 776 861 841 ‘Lapidatus
879 793 895 826 a
913 778 1010 841 populo
1023 781 1151 843 Vatiuim,
1167 797 1227 832 cum

132 861 239 904 versut:
257 860 313 904 tam
332 855 471 919 voluptatis
490 869 588 918 canam,
607 861 661 904 tntu
698 851 877 915 gladiatorium
887 866 980 901 munos
994 853 1094 917 ederet,
1109 856 1228 906 obtinue-

133 930 202 995 quod
213 929 354 979 crederent
363 929 538 980 odoramentis
548 930 662 979 ebrieta·
698 935 750 989 rat,
766 936 795 978 ut
812 927 901 978 aediles
921 927 1065 990 edicerent,
1082 943 1116 979 ne
1132 932 1190 994 quis
1201 932 1229 980 iu

133 1012 186 1053 tem
203 1003 332 1066 impediri.
365 1004 554 1069 Nonnunquam
573 1005 663 1067 etism,
698 1016 813 1063 menam,
828 1003 877 1051 nisi
893 1016 1007 1066 ponmm,
1025 1003 1126 1053 misisse
1140 1006 1229 1054 vellet.

133 1084 212 1127 otest
219 1079 288 1141 apud
296 1079 529 1142 Festum,sviculss
538 1079 662 1143 quasdam
698 1078 779 1127 Forte
794 1078 826 1126 iis
843 1077 934 1127 diebus
951 1077 1078 1127 casellius
1096 1077 1230 1129 Jurlscon·

134 1153 237 1204 corollis
257 1154 310 1202 suis
332 1154 485 1217 alligabaut;
510 1169 615 1219 qasruur
634 1160 663 1203 et
699 1152 791 1214 saltus,
801 1152 933 1200 consultus
943 1152 1091 1215 aquodam,
1104 1166 1165 1201 nntu
1176 1168 1229 1202 nux

134 1235 213 1278 cantu
231 1228 342 1287 assiduo,
359 1233 387 1277 ct
407 1229 507 1279 crebris
523 1229 601 1278 rostri
617 1242 663 1277 un·
701 1225 779 1288 pinea
796 1239 899 1288 pomum
915 1233 994 1282 esset,
1013 1227 1041 1276 si
1053 1227 1080 1276 in
1095 1228 1230 1278 Vatinium

133 1304 273 1368 gulamque
296 1306 431 1367 puncturis
453 1303 609 1362 efficeretur,
629 1317 663 1352 ne
699 1301 821 1350 missurus
830 1300 964 1364 ea,inquit,
972 1314 1075 1364 pomum
1083 1302 1143 1351 est!
1155 1304 1230 1352 Cice·

134 1378 185 1441 ipsi
195 1379 263 1428 inter
276 1379 417 1442 potandum
435 1378 663 1428 obdormiscerent.
700 1390 730 1426 ro
736 1375 946 1440 interrogatione
952 1377 979 1424 in
985 1376 1127 1426 Vatinium.
1141 1377 1229 1434 ‘Odio

136 1454 230 1504 Horat
247 1454 429 1504 ‘curuonsub
438 1453 539 1503 altarel
548 1454 663 1516 platano,
700 1453 768 1501 enim
779 1451 827 1514 tui,
837 1451 864 1500 in
876 1465 926 1515 qao
936 1451 987 1500 etsi
1004 1465 1103 1516 omues,
1120 1459 1230 1516 propter

136 1531 178 1579 vel
188 1530 237 1580 lsac
252 1530 329 1591 Plau,
337 1529 456 1592 jacentes
468 1529 505 1578 sie
516 1534 624 1590 temere,
634 1534 664 1576 et
700 1534 773 1577 tuum
790 1527 817 1575 in
832 1539 874 1574 me
889 1526 983 1583 scelus,
997 1539 1119 1590 superare
1138 1526 1231 1589 debeo,

135 1619 194 1655 rusa
204 1605 288 1656 Canos
299 1604 400 1655 odorati
416 1604 523 1667 capillos
540 1603 665 1652 Potamm
700 1606 788 1650 umen
798 1601 831 1649 ab
847 1599 964 1650 omnibus
981 1614 1048 1663 usne
1065 1600 1170 1663 vincor,'
1181 1606 1231 1652 dre.

135 1680 209 1729 uncti
217 1679 235 1728 i’
247 1679 332 1741 Idem,
346 1680 355 1705 ⁴
364 1679 424 1728 Huc
433 1679 501 1739 rina,
511 1684 541 1727 et
548 1691 664 1741 ungnen-
700 1677 770 1726 Hinc
780 1675 891 1738 intelligi
902 1681 999 1738 potest,
1009 1689 1056 1724 cnr
1065 1675 1135 1725 dicat
1145 1676 1231 1727 Poeta

137 1760 175 1815 ts,
187 1762 215 1805 et
227 1755 332 1804 nimium
348 1753 442 1803 breves
454 1754 545 1802 Florus
557 1766 664 1802 amenta
701 1752 789 1801 odium
799 1751 983 1800 Vatiuisuusn:
1004 1764 1036 1799 eo
1050 1756 1137 1800 autem
1149 1750 1230 1801 liben-

135 1826 206 1880 ferre
211 1829 277 1892 jube
287 1828 370 1878 rose!
388 1828 510 1878 Ceterum
519 1826 665 1891 hujusmodi
700 1827 754 1876 tius
766 1826 793 1875 id
809 1825 883 1880 facit,
900 1824 968 1889 quod
983 1824 1117 1874 Vatinium
1134 1826 1230 1881 Calvus

135 1903 340 1964 convivatorcm,
352 1903 396 1967 qni
412 1909 572 1966 unguentum
589 1902 665 1952 modo
701 1901 759 1963 ipse
775 1901 945 1950 acerbissimis
961 1899 1130 1950 Orationibus
1147 1903 1232 1951 insec-

137 1978 277 2041 praeberet,
297 1977 392 2028 alicubi
410 1977 504 2028 irridet
524 1977 665 2037 Martialis,
702 1981 772 2024 totns
789 1981 860 2024 erat:
881 1989 933 2039 qua
948 1973 982 2024 dc
999 1989 1027 2025 ru
1044 1975 1113 2024 infra
1128 1990 1229 2040 quoque

136 2052 185 2102 boc
206 2067 290 2115 versu,
308 2054 500 2115 ‘Unguentum
513 2051 605 2114 fateor,
619 2052 665 2101 bo·
701 2057 802 2115 agetur.

135 2140 198 2175 num
209 2126 307 2176 dedisti
318 2126 439 2175 Convivis
451 2126 525 2188 bere,
540 2127 586 2175 sed
601 2126 666 2176 nibil
733 2129 750 2174 9
766 2126 867 2188 Manae]
884 2126 1014 2189 Fortasse,
1029 2127 1098 2190 quod
1108 2126 1193 2190 ipsum
1204 2126 1231 2176 iu

138 2201 249 2251 scidisti.
270 2203 323 2250 Res
334 2202 401 2250 salsa
411 2207 461 2263 est,
471 2201 539 2251 bene
547 2202 627 2264 olere,
636 2209 665 2252 et
701 2213 780 2249 causa
789 2200 875 2263 aliqua
886 2198 1042 2249 defenderis.

137 2277 245 2326 esurire.
278 2277 332 2329 oui
348 2290 400 2325 non
415 2282 503 2339 cenat,
513 2284 541 2326 et
553 2276 666 2341 ungitur,
735 2272 816 2337 Syllo]
833 2273 873 2321 De
889 2272 960 2335 Sylla
976 2272 1152 2324 Grammatico
1169 2274 1232 2324 nibil

136 2352 256 2416 Fabulle,
274 2351 327 2402 Hic
346 2366 405 2401 vero
423 2351 485 2401 mibi
501 2360 615 2404 mortuus
630 2355 666 2404 vi·
702 2347 763 2397 alibi
774 2349 862 2411 legere
873 2347 992 2397 memini:
1014 2354 1115 2398 tantum
1127 2350 1231 2412 reperio

137 2427 232 2477 detur!
701 2421 1232 2488 fuisseCorneliumquendamEpicadum,

169 2507 185 2553 2
202 2504 291 2552 Pascis
300 2501 394 2565 dudm]
410 2502 591 2566 lutrapuucos
603 2502 667 2553 dies.
701 2498 779 2561 Syllo
790 2498 925 2557 libertum
943 2498 997 2562 qui,
1013 2497 1071 2548 fieri
1086 2507 1182 2563 potest,
1192 2506 1233 2561 ut,

136 2578 197 2627 Hoc
205 2578 281 2627 modo
291 2578 368 2627 etiam
377 2579 498 2642 Propert
507 2579 668 2641 locutusest,
703 2586 762 2622 cum
772 2573 823 2622 sibi
833 2573 867 2622 de
876 2586 948 2623 more
964 2575 1067 2636 patroni
1082 2589 1176 2624 nomen
1193 2589 1234 2625 as·

136 2653 198 2701 ‘Tu
214 2652 315 2716 quoties
334 2652 432 2717 aliquid
449 2653 587 2714 conabere,
604 2653 667 2714 vita,
702 2648 864 2711 sumpsisset,
876 2647 954 2697 etiarn
969 2647 1026 2709 ipso
1042 2648 1157 2710 ejusdem
1174 2663 1233 2713 cog-

137 2735 269 2777 memento
284 2729 429 2778 Venturum
448 2727 538 2791 paucis
557 2741 599 2777 me
619 2727 666 2778 tibi
701 2724 830 2772 nomiuea
841 2725 938 2786 populo
949 2720 1105 2773 afficeretur.

137 2801 270 2852 luciferis!
734 2798 866 2862 Literntor]
884 2798 927 2847 lta
939 2797 1066 2847 vocabant
1076 2798 1233 2848 Grammati-

169 2883 185 2926 6
203 2877 272 2941 Sale]
290 2877 412 2927 Facetiis.
663 2884 665 2889 ’
701 2873 991 2935 cos,ideat,Poiitarnm
998 2873 1235 2936 Interpretes.Alii
1314 2868 1318 2877 '

171 2956 188 3001 8
204 2952 293 3000 Plenas
304 2953 410 3000 suculae
420 2956 457 3000 eut
466 2949 617 3013 morsus]
633 2949 666 3000 Id
702 2949 897 3013 distinguebant
905 2949 952 3011 itu,
962 2955 992 2997 ut
1001 2949 1121 2998 dicerent
1130 2956 1233 2998 tautum

138 3031 188 3088 est,
195 3024 294 3087 pridem
305 3024 389 3074 inanis
400 3030 450 3074 cst.
467 3023 589 3074 Afranius
596 3024 667 3087 spud
690 3025 828 3076 ,interesse
844 3024 914 3073 inter
928 3024 1234 3084 Literutum,et1.iterm

139 3100 254 3163 Festum,
270 3101 353 3149 ‘'l'am
368 3115 403 3149 ne
421 3101 511 3149 arcula
529 3106 575 3148 tus
591 3102 668 3162 plena
703 3106 797 3160 torem,
807 3104 931 3161 quantum
942 3097 1011 3145 inter
1022 3096 1235 3160 Grammaticum,

141 3173 359 3224 estaranesrumi’
371 3174 459 3223 Plaut.
466 3172 608 3236 Aulularia,
618 3175 667 3222 ‘au
704 3180 732 3222 et
747 3170 967 3221 Grammstutuu.
991 3170 1060 3221 Vide
1076 3173 1183 3224 8uetou.
1200 3174 1234 3225 de

113 3245 117 3251 ’
140 3263 173 3298 ue
184 3251 240 3314 quis
251 3250 322 3300 mdes
333 3248 450 3299 auferat?
467 3247 535 3295 Nam
545 3246 589 3296 bic
599 3248 668 3311 apud
704 3247 786 3298 claris
797 3245 913 3295 Gramm.

140 3326 258 3375 nosnibil
266 3322 609 3387 estaliudquaestifnribust
627 3325 669 3375 Ita
737 3324 769 3372 it)
786 3322 1233 3387 Nuuestmimatemutmnteue]

140 3400 233 3450 inaniis
243 3407 304 3450 sunt
314 3401 429 3464 oppletae
440 3406 517 3464 atque
528 3399 647 3452 araneis?
704 3398 816 3450 Gaudeo
826 3398 906 3460 enim,
916 3399 986 3463 qnod
994 3399 1096 3449 laboras
1109 3407 1166 3451 tuos
1178 3407 1233 3449 tusn

172 3482 189 3527 ⁹
206 3479 288 3527 Meroe
301 3477 404 3540 morea]
422 3477 466 3527 Ita
483 3478 552 3540 lego,
567 3492 628 3541 nou,
638 3484 669 3529 ot
704 3475 781 3524 bellis
787 3473 934 3525 muneribus
939 3476 1042 3539 pensari
1050 3476 1161 3525 videam.
1177 3476 1234 3525 iro·

137 3552 192 3613 alii,
205 3566 383 3602 mosoma:
401 3559 430 3602 et
441 3552 475 3602 de
486 3553 543 3616 ipso
555 3567 669 3617 unguen·
704 3551 807 3602 niaest.
923 3596 925 3601 .

141 3633 168 3677 tu
178 3628 228 3678 boo
238 3628 335 3679 dictum
344 3628 453 3692 accipio.
737 3630 769 3676 la
786 3627 896 3694 m]
904 3630 1007 3688 Festus,
1022 3628 1125 3678 ‘Homo
1131 3627 1236 3677 saceris

285 3752 439 3806 cumn
456 3757 531 3808 x1v·
705 3701 1234 3842 attitulatittltiltiz

174 3859 188 3905 l
207 3855 244 3904 Ni
252 3857 336 3918 teplaa
343 3854 427 3917 oculta]
439 3856 669 3918 Noneat,cursm·
706 3855 762 3916 sed,
773 3854 817 3918 qui
828 3855 934 3916 occidit,
948 3854 1080 3918 parricidii
1095 3865 1145 3899 non
1161 3851 1243 3903 dam-.

141 3928 256 3992 bigutur,
265 3930 298 3978 ud
308 3929 416 3979 Poetam
426 3930 543 3992 Calvum,
552 3944 586 3979 au
593 3930 625 3978 ad
635 3931 671 3980 0-
706 3936 798 3990 natur;
810 3943 869 3979 nam
880 3931 939 3993 lege
950 3927 1088 3978 tribunicia
1098 3925 1181 3988 prima
1191 3940 1233 3975 cu·

141 4017 256 4055 satorem
269 4004 543 4068 scriptumsuerithoc
554 4020 669 4057 carmen:
705 4010 797 4052 vetur:
822 4004 845 4052 si
866 4005 1008 4067 quiscum,
1027 3999 1071 4064 qni
1092 3999 1244 4063 plebiscito

140 4079 209 4128 idern
220 4080 289 4128 enim
300 4080 331 4130 C.
341 4079 453 4129 licinius
463 4080 556 4129 Calvus
565 4081 595 4130 C.
604 4081 670 4131 lici·
706 4093 780 4129 sacer
788 4080 832 4139 sit,
843 4076 979 4135 occiderit,
989 4075 1120 4138 parricida
1135 4090 1168 4126 ne
1183 4077 1231 4127 sita

142 4154 179 4205 nii
190 4153 273 4206 Macri
284 4153 361 4218 iilius,
375 4160 403 4204 et
417 4153 512 4220 Poeta,
528 4161 557 4206 et
572 4155 670 4207 Orator
705 4168 739 4206 ex
750 4167 800 4220 quo
812 4151 895 4218 quivis
911 4151 986 4202 homo
1001 4151 1084 4203 mains
1095 4159 1174 4218 atque
1185 4151 1242 4207 ius·¹
