2752 4694
185 334 251 401 658
423 350 553 400 scau.
575 350 701 400 srsrrr
726 353 1028 406 counnursnrus

186 506 259 550 ssrot
285 490 389 543 inuehi
416 492 494 544 ursos
521 496 583 543 ante
607 493 714 556 dixerit,
752 500 830 558 spuet
849 496 958 546 inrisum
970 497 1042 561 justa
1052 498 1165 548 cadaver
1173 498 1285 562 hnmus;
1314 486 1326 499 .

185 570 270 633 septas
293 569 437 635 mica.
479 569 523 618 Sic
547 583 609 619 vero
635 570 715 619 coriss
752 569 888 634 Unguibus
898 579 926 622 et
937 580 1022 622 rostro
1033 573 1124 623 tsrdus
1139 574 1228 624 tsshet
1238 575 1287 628 ilis

185 660 252 707 saro,
261 645 333 709 qussi
342 643 635 708 proverbio‘dieebstnr,
643 645 713 710 quod
752 647 848 708 vultur,
860 647 896 697 Et
906 647 1024 697 scindent
1035 647 1106 698 aridi
1117 646 1220 711 perlida
1228 663 1287 700 cor·

186 720 235 770 sihi
252 719 424 781 gratissimum
437 719 647 784 carissimamque
658 734 714 769 esse
752 719 785 769 da
797 721 893 771 canes!

185 794 372 859 significabant.
388 795 484 845 'l'ibnll
502 794 546 845 lib.
565 809 585 845 s.
601 796 714 845 ‘Carior
784 796 911 858 elingua
922 797 1027 860 sewun]
1051 797 1083 847 In
1102 798 1286 863 manuscriptis

187 878 228 921 cst
249 884 311 920 auro
328 871 443 933 juvenis,
462 871 504 920 cui
525 870 594 918 levia
612 869 714 933 fulgent
751 872 992 933 onrnibus,eesertc.

187 946 252 1009 Ora,
261 960 310 996 nec
327 946 460 1009 amplexus
472 958 564 1008 aspere
579 944 660 994 herba
675 950 714 994 tc·
784 951 799 995 h
819 944 924 1009 Effossoa
940 948 1099 998 coalesceret
1116 954 1169 998 utro
1180 955 1285 1012 gestisse

167 1014 170 1021 ’
187 1021 240 1072 rit)
752 1022 846 1087 coraus]
863 1023 894 1071 In
906 1023 998 1074 Pater.
1010 1028 1173 1088 progsttsrc,
1182 1027 1285 1089 gurgis·

219 1102 236 1146 6
253 1095 342 1146 ostili
352 1095 493 1156 commu
502 1094 637 1145 candidiore
647 1095 714 1158 auu]
750 1098 896 1162 legebatur.

187 1175 220 1225 In
238 1172 430 1236 manuscriptis,
447 1172 523 1222 Nolis
540 1188 554 1221 o
569 1174 628 1223 isse.
669 1175 714 1235 Et,
1112 1187 1116 1192 ·

188 1248 364 1310 Nummos
396 1248 575 1313 umquam
588 1249 715 1312 suspicari
896 1225 1048 1278 CARMEN
1065 1228 1136 1279 CIX·

186 1325 214 1374 in
236 1331 349 1374 mentem
368 1332 487 1383 venerat,
509 1324 600 1374 deesse
619 1338 716 1386 versus,
784 1326 1182 1390 sitqseusincereoicatesec
1191 1327 1284 1391 onim]

188 1400 232 1464 qui
252 1409 430 1465 sequerentur.
451 1400 581 1450 Martialis
600 1401 715 1450 imitatus
752 1401 795 1450 iiic
813 1403 916 1451 Terent.
940 1401 1064 1450 Eunucho
1084 1401 1233 1465 loquitur,‘
1255 1403 1284 1452 si

186 1477 214 1525 in
223 1477 269 1526 lib.
280 1490 319 1525 rv.
336 1475 432 1525 ‘Hanc
449 1475 532 1525 lucem
550 1476 635 1526 lacten
646 1491 715 1541 gem·
753 1478 820 1528 istuc
839 1479 972 1529 crederem
990 1477 1090 1527 sincere
1106 1477 1169 1539 (lici,
1179 1479 1285 1542 quidvis

185 1551 330 1602 manotet!
752 1568 856 1618 possem
876 1553 998 1618 perpeti?
1034 1553 1075 1602 lix
1094 1554 1173 1602 misso
1193 1562 1283 1605 antem

219 1633 234 1678 1
253 1628 314 1685 Quis
323 1643 359 1677 mc
369 1643 415 1677 uso
425 1626 598 1688 nisiticlicior,
613 1633 655 1678 out
665 1643 714 1679 ms-
753 1629 848 1691 dicere,
857 1629 884 1678 id
896 1630 991 1679 Graece
1002 1634 1053 1689 cst,
1062 1626 1109 1676 orl
1118 1626 1220 1691 καρδίας.
1239 1629 1284 1679 Sic

184 1706 226 1768 gis
243 1705 287 1755 hnc
307 1709 342 1753 cst
363 1705 487 1767 Oplessdus
501 1704 552 1752 vito
567 1704 646 1753 dicere
663 1705 716 1767 ptis
753 1712 828 1754 vetus
846 1704 941 1755 Poeta:
958 1702 992 1752 'll
1009 1703 1056 1764 μὴν
1072 1703 1131 1767 ipsis
1141 1702 1182 1751 roi
1199 1703 1284 1754 r’orl

184 1780 284 1844 poterit]
303 1780 333 1828 ln
345 1777 526 1840 manuscriptis
537 1778 715 1840 omnibus,out
752 1778 853 1842 euplius,
877 1783 958 1843 σαφῶς
976 1777 1015 1829 sci
1033 1778 1066 1841 pi
1084 1777 1186 1838 'sirmes
1198 1778 1283 1844 piiss,

186 1853 564 1915 mugisssecst,sire,mcgesrse
579 1858 624 1901 est.
657 1854 714 1915 Ego
751 1855 808 1905 ἀλλ’
819 1855 875 1904 ὅσον
885 1859 969 1919 φρονῶ.

186 1943 249 1977 vero
276 1928 401 1990 scriptum
422 1925 502 1975 fuisse
527 1926 651 1990 suspicor,
671 1932 714 1975 out
777 1938 798 1982 -5
820 1934 854 1982 Ut
868 1932 1015 1982 lanceolis
1030 1933 1216 1995 totnperllocers
1231 1932 1286 1983 cita

186 2002 259 2066 stogi'
269 2004 303 2052 ass'
312 2018 361 2053 esse
373 2004 510 2066 optandum
524 2005 551 2052 s'rs
567 2002 626 2061 nito,
636 2002 714 2052 dicere
751 2006 890 2071 Alternum]
906 2009 940 2058 In
952 2007 1143 2071 manuscriptis,
1159 2010 1211 2056 totu
1225 2022 1283 2072 pro·

186 2080 243 2144 quiri
248 2080 354 2144 poterin·
369 2087 411 2129 est
421 2079 488 2128 enim
500 2078 608 2142 plenior,
617 2084 645 2128 et
655 2092 714 2127 con·
750 2085 834 2133 (luem
843 2086 893 2135 elta
904 2085 1038 2144 AEterrsoss,
1047 2083 1087 2144 ie.

186 2155 286 2205 cinuior
302 2155 442 2218 sententia,
459 2169 507 2204 nec
524 2155 601 2218 longe
611 2168 627 2202 a
638 2154 715 2203 vesti·
1156 2184 1157 2187 κ

186 2230 530 2294 giisreteris,quaecumque
547 2228 608 2290 fuit,
625 2230 714 2279 lectio·
901 2208 1055 2261 CARMEN
1075 2207 1133 2259 cx·

184 2306 225 2354 nir
235 2306 355 2356 discedit.
388 2307 474 2355 Plnnt.
493 2312 579 2355 eutem
598 2305 625 2354 in
637 2305 715 2369 Capt.
783 2307 923 2370 Hispone
938 2306 1056 2370 promisti,
1070 2305 1130 2354 milri
1147 2307 1285 2369 cuodmu-

186 2382 213 2431 in
224 2383 332 2431 eandem
349 2381 517 2442 sententiam,
535 2381 620 2431 ‘Quoi
635 2381 715 2429 homi·
750 2383 903 2432 tituirsimicn
910 2382 946 2444 es]
960 2381 1285 2446 Quoipronr’shsgetqsoc

185 2470 247 2505 num
258 2457 365 2520 adoeque
374 2471 449 2506 nemo
457 2456 522 2505 ririt
532 2454 687 2506 fortunatior
696 2456 714 2506 ι’
751 2460 850 2508 mentito
859 2473 901 2507 es:
918 2458 1027 2522 primum
1039 2457 1131 2507 scelus.

185 2537 217 2581 ut
226 2538 319 2583 contra
328 2533 355 2580 in
368 2531 497 2595 Amphitr.
518 2533 527 2560 ⁴
540 2532 663 2583 Quisnam
674 2547 714 2583 sue
783 2537 799 2582 4
818 2534 934 2588 Quodscc
944 2530 1087 2594 dmetiers]
1104 2531 1226 2582 Alterum
1238 2530 1285 2582 fla·

184 2606 282 2656 Thebis
290 2608 358 2656 ulter
369 2607 434 2656 vivit
443 2605 586 2656 misericri’
752 2607 853 2670 gitium.
886 2608 917 2656 Iu
926 2607 1103 2670 manuscriptis
1115 2615 1166 2670 est,
1177 2623 1219 2657 ace
1228 2611 1283 2670 (lus,
1328 2610 1334 2621 '

315 2732 467 2783 emmo
486 2732 586 2785 cvm·
750 2681 1284 2820 :zti‘zlss‘lill.:¹l.llllits:

218 2839 232 2884 t
250 2832 331 2883 δίωκέ
346 2831 459 2896 arbitrio]
482 2833 513 2882 In
526 2834 716 2900 manuscriptis,
751 2839 836 2894 cutus,
848 2831 978 2896 exprimit.
1011 2830 1110 2881 Auctor
1118 2831 1247 2881 Carminis
1256 2834 1284 2883 in

185 2909 228 2958 Sic
246 2909 335 2959 homiui
350 2909 459 2972 populari
478 2909 593 2967 nriitrim
609 2911 635 2959 in
647 2911 714 2973 allis,
751 2907 874 2971 Priapum
896 2907 976 2957 verbo
997 2906 1106 2954 ‘dandi'
1130 2906 1167 2954 sic
1187 2907 1282 2971 utitur,

185 2985 226 3035 Sic
241 2986 331 3035 horum.
364 2984 521 3034 Emendavit
539 2985 714 3048 Hieronymus
751 2982 893 3034 ‘Quadam
906 2983 927 3031 si
939 2983 1027 3045 piacet
1045 2982 1093 3030 hoc
1111 2981 1158 3031 tibi
1174 2981 1283 3046 Priape,

184 3060 323 3123 Aventius,
341 3059 372 3108 Si
394 3060 488 3108 Comini
508 3058 609 3108 arbitrio
625 3059 715 3124 populi,
750 3058 911 3107 Ficosissims
927 3071 968 3106 me
986 3057 1070 3121 puella
1086 3057 1161 3118 iuuit,
1179 3057 1214 3106 Et
1231 3072 1281 3108 nec

184 3135 321 3197 incertum,
334 3150 367 3184 an
377 3143 449 3186 vetus
462 3135 714 3199 exemplarsecutus.
751 3131 798 3181 dat
820 3132 881 3180 milri
897 3145 946 3181 nec
968 3138 1048 3193 negat
1064 3131 1204 3181 daturam?
1235 3133 1280 3182 Sic

184 3208 236 3258 Sed
248 3223 375 3273 caussam,
386 3223 433 3259 eur
444 3224 490 3259 suo
501 3210 559 3258 loco
571 3209 652 3258 verbs
662 3224 714 3259 mo·
750 3201 1004 3272 xspisecllstraepis
1022 3205 1102 3270 impios
1115 3206 1146 3255 ri
1157 3206 1281 3257 moveri·

168 3287 304 3344 icantur,
315 3297 367 3332 non
386 3284 470 3333 video.
502 3282 652 3345 Legendum
666 3283 714 3347 igi·
750 3280 912 3345 sectilem,
921 3288 952 3330 ut
963 3281 1055 3331 scribit
1065 3283 1199 3347 interpres
1216 3285 1281 3335 Piu-

184 3355 238 3418 iur‚
249 3356 279 3405 Si
292 3358 386 3406 Comini
394 3357 475 3422 populi
486 3356 596 3406 arbitrio.
750 3360 816 3410 dari.

210 3431 300 3486 aenos
308 3433 412 3494 priorem
419 3431 515 3486 issinricn
522 3431 642 3494 mrsu]
651 3433 714 3482 Loci
782 3433 1032 3498 Soepsscciasucirssss]
1048 3435 1093 3484 Sic
1103 3435 1193 3486 Plaut.
1208 3437 1280 3486 Mos-

183 3507 277 3557 similes
297 3516 358 3559 sunt
369 3509 439 3572 apuu
459 3509 553 3558 Horat.
570 3516 598 3557 v.
616 3508 669 3558 od.
687 3515 713 3560 5.
750 3509 795 3558 tel.
806 3510 929 3573 loquitur,
939 3511 947 3538 ‘
957 3511 1062 3572 liabeo,
1073 3511 1206 3573 Neptune.
1217 3512 1280 3562 Non

181 3583 275 3634 ‘Post
293 3584 424 3648 insepulta
450 3583 565 3633 membre
592 3580 714 3634 different
749 3583 802 3633 dici
819 3590 907 3647 potest
927 3600 1003 3648 qnam
1025 3585 1158 3648 indignum
1177 3584 1280 3639 facinus

181 3658 247 3724 lupi,
263 3660 299 3710 Et
319 3658 459 3724 Esquiline
478 3656 578 3708 alitess’
601 3665 630 3708 et
643 3659 712 3721 apud
749 3657 841 3719 iecisti,
858 3664 886 3709 et
905 3659 1024 3711 malums’
1041 3667 1069 3710 ct
1089 3661 1176 3712 Arrlul.
1198 3661 1280 3726 ‘Hei,

178 3737 299 3802 ,eumin
309 3737 378 3800 Ibin,
394 3736 473 3785 ‘Sive
484 3750 531 3800 per
539 3737 649 3785 imensas
656 3737 712 3800 jnc-
748 3735 900 3798 Megadoro,
908 3735 975 3786 haud
983 3735 1104 3785 decorum
1113 3735 1216 3786 facinus
1226 3738 1280 3788 tuis

181 3815 256 3866 uhar
280 3813 420 3878 usnirsgus
447 3813 538 3876 undas,
562 3814 711 3877 Nostraque
749 3809 826 3860 factis
843 3808 935 3862 iaciss'
964 3818 993 3862 et
1009 3817 1070 3861 ante
1087 3813 1159 3862 illum
1178 3812 1280 3863 Ennius

181 3889 333 3955 longinquus
345 3889 445 3939 viscera
462 3888 539 3952 piscis
557 3887 635 3948 edet3
651 3887 712 3936 Sive
748 3884 817 3937 Anu.
830 3899 879 3935 vu.
896 3887 951 3936 ‘Ut
968 3885 1067 3936 iaceret
1081 3885 1197 3949 fucinus,
1212 3888 1280 3938 levis

183 3966 447 4029 peregrinacsrpent
466 3977 525 4012 mea
540 3962 655 4011 membra
669 3976 712 4012 rc-
747 3960 1006 4014 h'sudmalusidems’
1036 3961 1105 4029 Piin.
1124 3961 1188 4011 Nat.
1206 3961 1280 4017 Hist.

182 4038 278 4099 lucres,
300 4040 361 4090 Slse
382 4053 440 4089 men
465 4039 567 4101 lingent
587 4036 712 4100 sanguine
747 4035 793 4085 lib.
806 4048 910 4087 xxxru.
931 4039 1017 4099 capt.
1036 4033 1144 4099 aliisque
1161 4035 1188 4084 in
1202 4035 1280 4100 lucis,

182 4119 267 4162 rostra
277 4114 330 4177 lupi
340 4118 355 4163 ι’
372 4129 403 4164 ac
422 4120 491 4177 post,
507 4117 514 4142 ⁶
527 4113 595 4176 Ipse
607 4118 634 4161 te
645 4110 711 4175 fugi-
747 4110 848 4159 ‘scelus
859 4108 958 4159 iacerc’
967 4111 1004 4161 sic
1016 4109 1092 4159 dixit.

183 4191 303 4255 eatque
314 4197 425 4255 carpunt
435 4187 520 4241 omnia
530 4185 649 4250 tannae,
661 4187 711 4239 lie·
773 4192 796 4237 >6
812 4187 880 4238 Dela
890 4186 1017 4252 occipere]
1034 4187 1066 4239 ld
1076 4193 1126 4249 est,
1135 4186 1213 4239 dous.
1224 4188 1280 4252 sic,
1360 4241 1363 4248 ,
