2752 4694
382 298 422 344 m
446 293 790 345 curuumusnssun
815 294 896 342 vsu.
1121 279 1185 344 451

93 438 206 488 admissa
215 450 333 499 rumpere
341 432 492 486 lucelatusss
501 433 620 485 Juvenal.
658 432 771 494 ipsorum
781 433 927 494 mollitiem,
937 428 1092 482 adscribam.
1107 431 1188 482 'Arri-

91 517 99 541 ‘
113 528 163 563 uec
175 512 298 576 queritur,
310 511 379 576 quod
390 512 425 560 Et
434 510 511 559 lateri
519 524 622 574 parcas,
657 524 698 569 pur
714 505 825 570 εἰσαθρεῖς
839 508 926 571 Ἀστὴρ
937 508 999 569 ἐμὸς·
1016 508 1061 558 εἴθε
1076 509 1188 570 γενοίμην

91 602 143 638 nec
155 593 276 650 quautum
282 587 368 650 jussit,
379 585 502 635 anheles!
658 582 768 644 οὐρανὸς,
794 584 824 632 bs
850 586 948 633 πολλοῖς
975 585 1074 644 ὄμμασιν
1099 583 1131 633 ele
1158 584 1188 634 al

127 667 157 712 ll
174 662 214 711 Aa
230 663 310 710 culum
329 660 422 722 uocare]
451 658 566 722 Antiqua
584 659 621 708 lo·
657 655 754 712 βλέπος
772 657 944 719 idest,Stellu
956 674 1028 722 meas,
1041 661 1122 710 stellas
1132 661 1189 709 ἀνι»

93 738 170 788 cutio.
193 736 284 786 Cicero
295 737 322 785 iu
333 734 554 798 iislegibus,quas
565 733 621 796 ipae
658 732 928 796 suspicls,ipseatincm
943 734 988 782 dm
1006 733 1191 797 Commutatio

92 814 181 863 sciscit
195 812 242 860 lib.
258 825 288 862 rr.
305 811 338 860 de
354 809 464 874 legibus,
479 809 535 857 ‘Et
549 808 622 868 ollos,
658 814 718 858 astte
725 809 831 872 pluribus
840 810 960 873 aspiciam.
978 809 1190 875 Elegsnterquo·

94 901 157 951 quus
177 887 244 936 endo
264 887 329 943 caelo¹
347 885 440 934 merita
456 882 622 933 vocaverint?
659 897 710 948 que
727 883 862 946 Papinius,
878 899 937 933 cum
953 882 1078 944 Achilles,
1094 887 1190 949 puellas

93 963 214 1012 ltaeuim
231 968 259 1011 et
274 962 301 1010 iu
316 959 466 1024 quibusdam
477 958 548 1008 libris
559 957 623 1020 legi·
658 960 686 1009 in
703 959 808 1010 modum
830 965 945 1022 ornatus,
965 966 1045 1009 noctu
1066 961 1093 1008 iu
1121 962 1190 1024 agris

94 1044 145 1102 tur,
156 1045 183 1088 et
193 1052 242 1101 ego
253 1035 391 1099 legendum
402 1041 473 1099 pato.
659 1034 802 1084 Deidamiae
811 1034 962 1096 pudicitiam
974 1035 1097 1099 eriperet,
1107 1036 1193 1098 itaju·

127 1268 139 1313 l
171 1263 276 1324 Quouis]
308 1260 467 1311 Infinitatem
497 1257 624 1324 quandam
660 1261 753 1309 chorus
770 1260 852 1309 omnis
872 1259 904 1308 ab
923 1261 977 1309 alto
996 1258 1143 1325 detrorum,
1163 1270 1192 1312 et

92 1335 223 1386 basiorum
233 1351 249 1386 a
259 1336 353 1386 Lesbia
364 1335 441 1398 petit.
661 1341 758 1385 teueroe
770 1335 913 1386 usbuesuut
924 1351 1020 1386 cornua
1031 1337 1117 1387 luna!

127 1411 289 1473 Busiats'oses]
316 1411 358 1460 Sic
381 1408 448 1459 infra
468 1407 623 1469 ‘osculutio-
694 1414 724 1460 ll
744 1408 849 1472 curiosi]
873 1411 987 1461 Verbum
998 1411 1047 1461 ltoc
1058 1411 1114 1462 fare
1126 1427 1191 1463 sent·

92 1485 163 1534 ncm’
175 1485 253 1535 dixit:
272 1486 402 1536 taliaaunt
414 1484 482 1548 apud
492 1486 624 1546 Plautum,
660 1499 708 1548 per
718 1485 744 1533 in
759 1485 958 1549 reprehensione
977 1488 1115 1549 ponebant.
1134 1490 1191 1539 Cic.

94 1559 227 1621 ‘amatim'
245 1557 372 1620 ftactiof
397 1559 466 1622 apud
485 1559 540 1608 Ciu.
558 1557 624 1607 ‘de·
661 1559 750 1608 ‘Nam
767 1566 796 1608 ut
813 1560 984 1608 Terentianus
1001 1561 1123 1611 Chremes
1138 1577 1192 1613 nou

95 1632 177 1695 bitio,'
189 1634 290 1697 aliaque
302 1634 329 1683 id
340 1647 429 1698 genus.
660 1632 821 1694 inhumanus,
841 1634 884 1697 qui
902 1649 994 1683 novum
1014 1636 1125 1685 vicinum
1141 1651 1192 1686 nou

126 1707 276 1771 thidum]
301 1709 373 1758 Talia
392 1713 452 1758 suut
473 1708 515 1757 ills
532 1707 623 1771 Virgll.
661 1708 718 1756 vult
735 1708 846 1770 Foderc,
863 1715 908 1758 aut
927 1724 1009 1771 arare,
1028 1718 1073 1759 aut
1092 1711 1191 1775 aliquid

93 1781 153 1831 ‘vol
173 1784 255 1848 qualis
276 1797 355 1848 equos
381 1783 499 1833 'l'lsreissa
529 1781 624 1845 fatigat
661 1781 730 1831 ferre
747 1783 875 1849 deniquo:
894 1785 931 1835 sic
948 1786 991 1835 isti
1010 1787 1114 1849 curiosi,
1128 1802 1193 1852 quos

93 1857 261 1922 Harpalieez’
274 1859 625 1926 et,‘1uterquustoenisss
663 1856 771 1907 offendit
791 1865 880 1909 noster
902 1861 1004 1909 minime
1026 1862 1099 1911 nobie
1125 1863 1193 1925 inju-

94 1945 185 1981 racens
200 1948 216 1981 a
230 1933 336 1982 vulnere
347 1932 432 1982 Dido:
457 1932 532 1982 Idem
543 1933 624 1980 etiam
663 1934 760 1983 eundus
772 1933 864 1983 labor!
888 1934 975 1984 Plaut.
986 1936 1085 1999 Sticho,
1101 1937 1191 1986 ‘Nam

95 2021 111 2055 a
131 2008 234 2058 nomine
255 2008 328 2071 Liba,
351 2005 453 2057 inflexit
481 2005 626 2069 Libystida,
662 2009 779 2058 curiosus
796 2023 871 2059 nemo
888 2016 937 2073 eat,
956 2011 1064 2076 quinsit
1080 2013 1191 2061 malevo-

93 2083 101 2108 ‘
116 2080 245 2132 Horridus
260 2083 286 2131 in
293 2083 387 2146 jaculis
398 2090 426 2132 et
437 2083 504 2146 pelle
512 2081 625 2144 libysti·
662 2083 721 2133 lus.’

95 2155 254 2211 diauraoe.’,
695 2163 725 2209 12
743 2161 795 2209 Nec
805 2162 878 2224 mala]
894 2161 936 2210 De
945 2162 994 2211 hoc
1005 2162 1101 2227 aliquid
1112 2176 1193 2226 supra

126 2236 143 2280 t
165 2231 357 2296 luaemdlieris]
384 2231 542 2294 Cyrenaicus
562 2243 624 2293 eger
663 2234 804 2297 tetigimus.
839 2236 939 2284 Malam
960 2241 1047 2285 eutem
1076 2238 1193 2299 linguam

93 2306 178 2357 herba
186 2307 333 2371 Laserpitio
342 2305 464 2356 abundat.
481 2304 625 2354 videtum.
662 2308 754 2358 eodem
763 2323 837 2358 sensu
849 2309 915 2358 dixit
924 2316 952 2359 et
962 2310 1054 2373 Virgil.
1063 2312 1071 2339 ⁸
1081 2311 1191 2361 baecure

94 2382 140 2434 lib.
150 2394 210 2432 xrx.
542 2404 547 2409 ·
661 2380 773 2432 frontem
785 2383 899 2447 cingite,
909 2398 942 2432 na
953 2385 1007 2434 rati
1018 2392 1112 2435 noceat
1123 2386 1193 2434 male

128 2463 143 2506 5
166 2457 236 2505 dosis
257 2456 362 2520 adsum]
387 2455 531 2519 Ammonis,
552 2455 625 2519 cujus
662 2456 875 2521 linguafuturoz'
891 2464 918 2508 et
937 2459 980 2510 hic
997 2460 1094 2511 Noster
1106 2474 1192 2524 supra,

96 2531 222 2596 templum
242 2533 360 2581 aestuosis
381 2530 516 2580 admodum
536 2534 627 2581 saeuo·
662 2530 734 2581 ‘Aut
745 2532 843 2596 nequis
854 2534 1169 2600 mulnsinviderepossit.'

95 2608 181 2670 sisque
193 2613 339 2658 extructum
349 2613 390 2657 est
401 2606 473 2668 locis.
497 2606 565 2655 Vide
576 2606 640 2656 Lu·—

96 2697 154 2732 cau.
180 2683 225 2735 lib.
245 2696 286 2732 ux.
323 2683 358 2734 Q.
378 2682 496 2733 Curtium
515 2682 561 2734 lib.
585 2694 625 2732 tv.
712 2749 715 2755 Ι
803 2658 955 2710 CARMEN
972 2661 1052 2713 vm·

97 2757 197 2809 Herod.
208 2758 252 2808 lib.
265 2771 299 2808 rr.
695 2761 709 2805 1
726 2757 805 2808 Miser
825 2758 929 2820 catalla]
954 2758 979 2808 Α
997 2760 1091 2809 Lesbia
1104 2760 1194 2823 sperni

129 2838 146 2881 6
161 2834 196 2882 Et
206 2833 291 2897 Batti]
307 2834 359 2885 Qui
370 2833 491 2897 Cyrenen
501 2831 627 2882 condidit.
663 2833 802 2895 renidens,
818 2849 846 2884 se
858 2834 943 2897 ipsum
960 2836 994 2885 ad
1010 2850 1067 2885 eam
1080 2836 1194 2887 vicissim

127 2913 143 2957 t
162 2909 222 2958 Cam
240 2914 303 2959 tuest
320 2907 380 2971 nox]
405 2908 482 2958 Unde
501 2913 528 2956 et
545 2906 626 2956 couti·
662 2909 833 2972 spernendam
844 2910 1000 2963 cohortatur.

96 2985 191 3035 ciuium
202 2984 305 3034 dicitur.
697 2988 727 3033 lo
745 2985 859 3052 Scelesta,
879 2992 903 3034 te
919 2986 969 3036 nel
988 3002 1040 3050 qaoe
1055 2987 1101 3036 tibi
1116 2992 1194 3037 mouet
1277 3009 1283 3027 ·

103 3095 106 3101 ‚
128 3065 145 3108 8
160 3059 282 3122 Furtivus]
294 3059 433 3109 Occultos:
443 3058 542 3109 furtum
552 3072 627 3108 voca·
663 3056 725 3120 uita]
749 3058 838 3108 Habui
852 3073 916 3122 puer
926 3060 1020 3109 librum
1031 3067 1155 3121 veterem,
1166 3059 1193 3108 in

97 3134 170 3197 baut,
180 3135 305 3199 quidquid
316 3136 420 3185 occulte
430 3134 515 3186 fieret.
532 3135 628 3186 Tibull.
665 3148 714 3197 quo
731 3134 837 3182 memini
856 3148 956 3183 versum
972 3135 1039 3184 burne
1057 3135 1093 3184 ita
1112 3136 1195 3198 aerip-

95 3210 225 3259 ‘Veneris
245 3224 293 3273 per
316 3210 402 3260 dulcia
420 3208 508 3259 furta?
532 3209 627 3271 Virgil.
665 3214 720 3256 tum
731 3221 803 3257 esse:
819 3207 931 3271 Scelesta,
946 3223 1137 3273 quaeeunque
1148 3209 1194 3259 sita·

96 3284 201 3350 ‘neque
219 3300 269 3349 ego
288 3287 354 3335 hanc
376 3283 535 3335 abscondero
557 3281 627 3332 fusto
664 3280 823 3334 mauetoitul
839 3297 923 3347 neque
941 3289 1029 3333 tamen
1044 3285 1112 3333 illum
1129 3286 1193 3336 alte-

96 3359 216 3422 Sperari,
224 3375 257 3410 ua
267 3359 344 3422 linge,
354 3357 460 3421 sugam!
476 3357 560 3421 Idem,
570 3356 627 3408 ‘llio
664 3369 718 3406 ram
730 3357 883 3420 scripturam
893 3358 1087 3422 improbandam
1097 3367 1170 3421 puto.

96 3431 167 3482 l'urto
178 3433 294 3482 fervidus
305 3434 385 3482 instat
394 3431 411 3482 ι’
428 3446 487 3481 eum
502 3431 535 3482 de
546 3431 627 3495 cede,
697 3435 728 3481 1⁸
746 3432 791 3481 Gai
803 3431 886 3480 lutetia
895 3432 1021 3495 mordebis]
1038 3433 1070 3481 ln
1082 3432 1193 3483 Vanesia

98 3514 127 3556 et
137 3513 359 3570 strageuocturna
369 3508 498 3573 loquutur.
572 3552 592 3573 ,
664 3506 771 3567 deliciis,
788 3507 851 3556 illud
865 3521 966 3572 quoque
983 3515 1142 3570 numeratur,
1156 3508 1195 3556 la·

63 3575 64 3580 ’
135 3580 232 3644 Videat]
256 3584 324 3632 Nam
342 3588 371 3631 et
391 3583 449 3632 caeli
470 3584 556 3633 oculos
578 3597 626 3646 pro
663 3583 818 3644 bella,iuter
831 3583 1094 3647 basiandum,tencris
1106 3583 1194 3638 morsi·

96 3656 225 3708 sideribus
236 3656 359 3706 dicimus:
378 3655 446 3707 uude
460 3665 501 3708 ast
510 3658 626 3708 mellitis·
664 3659 764 3707 uueulls
794 3658 890 3707 leniter
916 3659 1051 3721 stringere.
1099 3659 1192 3722 ltaque

96 3733 188 3785 simum
213 3731 277 3781 illud
304 3732 422 3782 Platonis
443 3733 543 3797 poema,
566 3747 626 3796 quo,
664 3733 740 3782 Flora
759 3733 891 3796 meretrix,
911 3735 953 3784 cui
972 3749 1031 3784 curu
1048 3734 1096 3784 Cn.
1116 3733 1193 3781 Pom·

96 3822 155 3857 oum
175 3805 283 3870 puerum
298 3822 382 3870 auum,
399 3808 441 3858 cul
459 3821 553 3858 uomau
570 3813 627 3857 erat
664 3809 723 3872 pelo
746 3808 830 3872 stupri
850 3810 1010 3860 consuetudo
1032 3808 1127 3870 fuerat,
1153 3807 1193 3855 lta

81 3868 190 3944 'Stellsu
209 3881 242 3932 de
263 3888 341 3933 nocte
362 3884 389 3932 iu
411 3884 502 3933 caelum
521 3881 627 3946 suspici·
663 3900 724 3935 enm
743 3886 948 3950 commendabat,
974 3886 1042 3950 quod
1062 3894 1192 3944 nunquam

97 3961 186 4008 entem
197 3955 307 4020 videret,
316 3957 371 4021 ipse
378 3958 469 4007 celum
476 3956 533 4006 ficri
542 3961 626 4020 optat,
664 3960 697 4009 ab
708 3975 740 4010 eo
751 3960 877 4025 potuisset
888 3975 939 4009 uon
954 3971 1040 4007 morsa
1051 3955 1193 4008 discedere.
1281 4015 1286 4022 ,

97 4040 128 4083 ut
139 4032 255 4103 pluribus
266 4050 325 4084 aum
336 4035 418 4084 oculis
427 4035 530 4085 obtueri
540 4039 626 4099 quest.
664 4035 828 4086 Plutarchus.
846 4029 1127 4096 ῡλῶρανδὲτὴνὶηαῖραν
1136 4029 1192 4093 lpu-

96 4109 197 4174 Varsus
217 4124 327 4175 quoque,
345 4117 454 4175 propter
472 4109 627 4174 singularem
664 4124 721 4173 aas,
738 4109 783 4171 ἤδη
808 4106 964 4173 πρεσβύτερον
985 4101 1066 4172 olona,
1088 4106 1192 4159 orente
