2752 4694
184 339 249 404 654
376 318 380 324 ¹
432 347 559 397 ACHIL.
584 346 709 396 STATH
732 347 1030 399 COMMENTARIUS

184 489 284 557 facturn
305 486 469 537 crateribus
488 486 573 552 po'e'tis
592 502 715 537 nonnum·
751 487 862 538 inclusas
883 487 984 550 pumice
1002 488 1172 550 clazomenus,
1185 482 1285 537 Caussa

187 579 262 629 qnam
273 563 388 612 invenio.
671 617 674 621 ,
751 562 828 622 latet,
847 562 970 611 bimarem
992 563 1040 610 nisi
1061 561 1129 626 qnod
1153 561 1286 625 patientia

218 646 234 690 o
253 640 316 688 Nm
329 639 381 687 sina
395 639 503 688 dentibus
513 643 557 701 ast,
572 637 716 701 laudentes]
751 636 868 686 morbum
888 637 1009 701 Adpetit,
1028 643 1056 686 et
1080 643 1153 700 tergo
1175 634 1286 700 semina,

183 717 218 766 In
240 713 311 767 libris
335 716 529 778 manuscriptis,
553 715 592 764 bic
617 716 715 772 dentem
752 712 821 777 pube
832 714 870 761 vir
883 713 928 762 es.’

185 791 252 856 qnod
265 796 304 839 est
315 789 399 852 ipsum
411 788 576 852 probabilius.
783 794 800 838 6
816 788 901 852 Dicas]
918 788 973 840 Aut
985 790 1098 854 loquere,
1120 793 1166 838 aut
1183 801 1288 838 caumas

215 872 232 916 6
248 865 370 926 Pascua]
387 863 456 916 Quid
472 865 521 913 boc
533 862 607 912 uerbi
618 863 661 926 sit,
671 861 715 911 de·
752 876 807 926 age.

186 944 286 994 clarant
297 940 406 994 Quintil.
418 943 446 988 et
456 941 527 988 Fest.
536 939 627 1001 Pomp.

216 1023 232 1067 7
249 1018 371 1066 Praeterea
388 1016 485 1074 rictum
504 1015 593 1076 qualem
610 1012 715 1072 defessus
880 989 1032 1039 CARMEN
1050 988 1150 1038 XCIX·

184 1095 211 1145 s'a
227 1096 288 1141 oeslu
308 1089 421 1138 Maiensis
439 1088 508 1136 mule
525 1102 613 1136 cunnus
631 1087 715 1136 babere
783 1088 958 1152 aduaoiolum,
975 1089 1065 1138 dulcius
1080 1086 1209 1150 ambraus]
1228 1088 1286 1138 Ho-

185 1167 255 1230 solel]
272 1164 420 1229 Legendum
432 1161 501 1213 sorte
512 1164 546 1213 sit
556 1164 581 1212 di
646 1178 714 1228 ,pro
750 1172 801 1215 rat.
822 1179 841 1215 r.
860 1165 911 1214 0d.
931 1169 971 1212 13.
992 1164 1107 1227 ‘Speras
1126 1170 1285 1227 perpetuum

187 1243 300 1303 ἀείρων.
751 1239 1284 1302 dulciabarbareLadentemoscula,qnae

218 1322 250 1366 10
266 1317 345 1380 Atque
355 1315 432 1377 cuno]
443 1314 537 1375 Ὄνους,
555 1313 654 1377 opinor,
671 1327 714 1362 vo-
750 1317 838 1365 Venns
850 1316 950 1366 Quinta
967 1319 1042 1378 parte
1052 1313 1092 1362 sui
1110 1313 1226 1363 nectaria
1238 1313 1285 1360 im·

185 1397 228 1441 cat
239 1391 383 1454 Xenophon
395 1391 473 1439 etiarn
491 1388 610 1452 ‘molas,'
623 1389 714 1453 quibus
750 1390 825 1441 buit!

184 1464 314 1514 frumenta
323 1471 451 1515 teruntur.
782 1469 798 1515 a
819 1466 924 1529 Namque
942 1465 1043 1528 amplius
1056 1464 1148 1525 Mum]
1173 1462 1285 1530 Ampulla

219 1545 249 1589 12
266 1541 363 1602 AEgroti
380 1541 456 1588 culam
475 1538 566 1600 lingere
583 1538 714 1605 cornificia]
751 1553 811 1590 cum
830 1539 970 1589 accusandi
980 1553 1050 1602 casu,
1062 1546 1092 1588 ut
1102 1537 1159 1590 Cic.
1179 1537 1285 1602 optiml·

185 1616 238 1666 Cur
253 1612 358 1678 aegroti?
376 1615 464 1678 itaque
481 1616 646 1663 vehementer
660 1629 714 1662 sus·
752 1629 802 1680 que
813 1615 856 1663 alii
868 1614 1016 1665 Latinitatis
1027 1621 1155 1677 auctores,

184 1692 257 1754 plcor
274 1705 365 1739 nomen
387 1690 519 1753 proprium
531 1688 619 1752 luisse,
636 1696 713 1753 atque
782 1694 799 1738 4
815 1689 931 1760 blrffiuam
941 1689 968 1742 ia
977 1703 1068 1746 summu
1078 1703 1115 1738 mc
1126 1687 1223 1738 memini
1234 1702 1285 1737 esse

185 1766 320 1829 scripturn,
343 1766 441 1826 Agrota',
470 1765 636 1824 antarpoti,
670 1767 715 1812 aut
751 1765 830 1826 amca]
856 1763 1001 1815 Quomodo
1015 1765 1042 1813 in
1057 1760 1284 1825 crrrcesuffigiat·

185 1840 274 1903 quovis
289 1839 338 1887 alio
355 1838 430 1887 modo
442 1852 492 1886 non
504 1837 641 1888 dissimile:
659 1851 715 1888 cor·
753 1853 802 1902 qrre
814 1839 935 1901 suspendi
955 1840 1076 1901 solerent,
1088 1851 1150 1902 qnos
1170 1851 1202 1886 eo
1221 1851 1285 1898 sup-

185 1920 290 1978 rnptum
302 1912 397 1962 deiude
407 1913 443 1976 in,
454 1912 559 1975 AEgroli.
752 1913 831 1981 plicio
843 1912 993 1975 adficerent,
1013 1912 1104 1962 Mauil.
1116 1912 1223 1961 Astron.
1237 1911 1285 1960 lib.

754 2003 779 2037 v.
790 1987 919 2041 declarat:
931 1990 939 2016 ‘
950 1987 987 2037 At
997 1987 1072 2037 simul
1080 1985 1168 2036 infesti
1176 1990 1285 2035 rentum

302 2040 454 2091 CARMEN
471 2039 597 2091 XCVIII·
645 2112 649 2120 ,
752 2061 835 2112 estad
846 2063 1025 2123 litoraPonli,
1039 2060 1129 2113 Mollia
1140 2073 1187 2123 per
1204 2058 1285 2107 duras

217 2147 232 2191 1
253 2143 281 2189 In
299 2144 332 2198 le,
349 2140 371 2189 si
387 2140 414 2188 ia
428 2154 574 2202 quemquam,
591 2139 639 2187 dici
653 2143 715 2202 pote,
752 2140 900 2205 panduntur
915 2139 1020 2190 brachia
1038 2144 1137 2188 cantes.
1180 2135 1287 2185 Astrin·

184 2217 267 2280 putide
282 2216 360 2279 Vecti]
376 2216 432 2278 Ego
444 2214 625 2277 manuscriptis
636 2214 716 2262 etiam
752 2230 814 2265 xere
826 2215 904 2278 pedes
923 2215 1044 2278 scopulis,
1062 2213 1208 2279 injectaque
1228 2213 1286 2263 vin-

185 2293 258 2342 libris
273 2293 357 2341 Vectis
373 2290 441 2355 quod
453 2291 474 2338 si
487 2288 643 2352 probabilius
649 2289 718 2352 jndi-
752 2291 802 2352 cla,
815 2292 851 2339 Et
861 2305 939 2340 cruce
949 2289 1064 2352 virginea
1075 2287 1198 2336 moritura
1210 2287 1285 2349 puel·

186 2381 282 2430 camus,
291 2365 430 2427 legendum
442 2365 543 2412 omuino
559 2364 625 2412 Vetti
632 2378 643 2424 ,·
663 2363 718 2412 Vet-
752 2365 779 2412 la
790 2364 931 2428 pependit!

186 2441 248 2490 tium
275 2439 344 2488 enim
371 2444 400 2486 et
426 2437 529 2486 Vettium
557 2435 717 2485 scribebant.
785 2439 946 2487 nTonts'llam
963 2443 1048 2487 aestua
1063 2439 1154 2487 mere
1171 2435 1286 2498 soeuitiae]

187 2515 306 2576 Namque
325 2517 354 2560 nt
370 2516 458 2560 cetera
474 2510 610 2559 uetustatis
628 2522 717 2557 monn·
757 2513 854 2574 Vestroe,
866 2512 900 2560 de
911 2527 979 2572 uno;
1002 2519 1032 2561 ut
1042 2518 1070 2560 et
1080 2510 1159 2561 Ovid.
1176 2511 1251 2560 Fast.
1264 2525 1286 2560 r.

188 2596 276 2639 menta
295 2592 460 2649 praeteream,
471 2585 497 2631 in
513 2583 595 2632 bortis
615 2581 718 2632 Rndnlfr
751 2589 836 2636 ‘Pax
858 2593 923 2650 erat,
949 2594 977 2636 et
1003 2587 1092 2648 vestri,
1116 2586 1286 2645 Germanice,

187 2660 231 2710 Pii
250 2659 393 2708 Cardiualis
422 2657 562 2720 Carpensis
587 2663 717 2706 vetustum
753 2677 844 2711 caussa
864 2663 985 2725 triumphi
999 2662 1153 2711 Tradiderat
1170 2660 1285 2710 domitas

186 2749 298 2786 marmor
308 2731 451 2797 hujusmodi
463 2732 544 2780 literis
561 2732 669 2780 incisum
681 2733 715 2781 le·
747 2737 803 2800 jam
824 2735 871 2785 tibi
893 2737 997 2784 Rhenus
1020 2735 1125 2799 aquas?
1152 2741 1181 2784 et
1201 2736 1285 2799 Verg.

186 2811 265 2876 gitur,
274 2825 300 2860 a.
312 2820 439 2858 nauarvs.
455 2818 482 2856 n.
495 2820 519 2857 s.
531 2819 591 2856 ovr.
609 2819 715 2863 vsu'rrlt·
752 2813 760 2841 ⁴
774 2811 876 2862 Crimen
888 2804 959 2860 ambr
970 2809 1103 2859 restrum!

187 2897 215 2934 a·
233 2898 257 2934 r.
275 2898 360 2934 vxoa.
751 2932 754 2937 ,
785 2882 1287 2947 saossougunls]Inveteribuslibris,

218 2964 235 3008 4
254 2960 332 3021 Calos,
343 2964 367 3007 st
377 2959 484 3022 crepidas
499 2959 589 3019 lingere
606 2957 718 3008 Carbutr'·
755 2961 839 3010 Gallis
849 2960 963 3018 abstersi5
986 2959 1183 3023 faciendumque
1193 2957 1287 3007 abster-

187 3037 240 3100 sus]
256 3037 311 3098 Ego
320 3034 380 3083 re‘ro
392 3035 417 3082 in
428 3034 553 3083 Politiani
564 3034 718 3087 sententiam
753 3035 818 3099 sisti,
830 3034 900 3105 qnod
912 3040 953 3082 est
963 3035 1055 3097 aptius.

187 3111 279 3161 lubens
289 3124 333 3159 ao:
342 3109 486 3172 praesertim
495 3122 553 3156 cum
561 3107 718 3171 gravissimis
787 3118 819 3161 10
837 3114 964 3173 Tamquam
974 3111 1106 3159 commixta
1116 3123 1200 3172 spurca
1209 3108 1288 3158 salian

188 3194 307 3236 veterum
318 3193 453 3235 auclornm
464 3185 628 3251 testimoniis,
638 3186 718 3248 iisque
754 3187 825 3251 lupae]
836 3187 867 3242 In
875 3184 1115 3249 librisquibnsdaua,
1123 3184 1288 3241 comminatae,-

174 3291 176 3296 -
188 3261 356 3310 firmamentis
375 3260 482 3320 nitatur,
495 3260 585 3322 quibus
603 3259 656 3322 isti,
675 3259 719 3323 qui
755 3262 781 3311 in
794 3261 1006 3324 aliiacopancsc:
1019 3273 1052 3308 ex
1061 3274 1111 3323 quo
1121 3257 1218 3307 facturn
1227 3261 1288 3322 opi-

188 3334 464 3397 reprelrendurrt,nibil
479 3331 590 3381 afferunt
606 3341 718 3396 autgra·
755 3351 812 3397 nor,
837 3335 997 3384 comminatae:
1028 3333 1118 3396 itaque
1144 3333 1287 3396 legendnm

189 3409 246 3457 vius
258 3414 303 3456 aut
323 3408 425 3469 melius,
443 3414 540 3469 praeter
557 3407 717 3457 inanissimas
755 3409 834 3473 forte,
844 3410 979 3477 conjunctae.
1012 3405 1146 3470 ‘Lupum'
1159 3421 1221 3455 vero
1232 3421 1288 3456 me·

189 3482 329 3532 rationes.'
358 3481 562 3531 Obacoeuitatem
590 3481 717 3544 ejusmodi
756 3484 878 3539 ratricem
905 3481 1035 3544 intelligit.
1089 3479 1230 3528 Placiades
1259 3481 1287 3528 in

188 3560 263 3609 Eunu
276 3559 380 3621 cuidam
391 3558 516 3621 objiciens
527 3556 667 3621 Ausonius,
679 3559 717 3610 sic
758 3559 874 3610 Glossis:
891 3558 899 3584 ‘
912 3558 1021 3619 Luparn,
1033 3554 1206 3616 meretricem,
1218 3569 1233 3602 a
1245 3570 1288 3603 ra-

189 3633 291 3701 scribit,
308 3635 402 3683 ‘Eune
413 3633 480 3697 quod
498 3633 586 3682 uxoris
604 3633 717 3696 gravidae
757 3633 880 3697 pacitate,
890 3632 957 3681 vela
973 3629 1079 3678 libidine
1095 3628 1171 3690 hujus
1189 3628 1289 3677 anima·

189 3708 282 3774 patriae
294 3709 402 3772 inguina
420 3706 510 3770 ambis,
521 3708 639 3757 Festinus
651 3707 718 3771 glos·
756 3707 805 3770 lis;
822 3707 891 3756 unde
906 3711 934 3755 et
951 3707 1073 3767 Lupanar
1084 3702 1206 3751 dicitur:'
1228 3703 1288 3755 cte.

190 3801 232 3835 sas
251 3799 302 3836 non
317 3785 385 3834 natis
403 3783 506 3834 tradere
522 3785 589 3833 natis
597 3783 615 3832 :¹
639 3792 717 3848 atqua
757 3795 805 3844 pro
816 3781 924 3841 Milone,
941 3779 1020 3843 ‘Ille,
1030 3777 1074 3842 qui
1084 3791 1187 3840 semper
1197 3790 1289 3828 secum

190 3861 262 3923 alibl,
272 3861 398 3926 ‘Inguina
410 3860 477 3924 quod
489 3860 572 3910 calido
583 3861 654 3909 levas
669 3859 717 3909 tibl
758 3863 852 3921 scorta,
870 3869 972 3918 semper
989 3856 1114 3915 exoletas,
1131 3867 1236 3917 semper
1245 3853 1289 3905 lu·

190 3937 312 4001 dropace,
332 3951 423 3986 caussa
440 3942 491 3998 est,
508 3934 717 3985 Inritantvolsas
757 3947 805 3997 pas
833 3930 953 3981 ducebat.
987 3929 1031 3978 Sic
1057 3927 1174 3977 Martial.
1194 3927 1241 3976 lib.
1266 3941 1288 3979 r.

190 4011 258 4060 leuia
278 4009 392 4060 membra
414 4011 494 4074 lupas.
529 4011 587 4060 Sed.
600 4009 668 4074 qnod
690 4016 718 4060 et
758 4005 945 4057 ‘Abscondunt
955 4017 1060 4067 spurcas
1071 4003 1126 4052 baec
1138 4015 1290 4053 mouumen-

191 4085 259 4139 aliao
270 4087 398 4148 plantaria
410 4086 503 4152 podice
516 4085 599 4150 vellis,
611 4085 646 4134 Et
657 4085 718 4134 teris
757 4089 785 4133 ta
795 4081 884 4147 lupas?
917 4078 991 4138 Sunt,
1002 4078 1047 4146 qni
1062 4076 1214 4130 ammaum
1225 4076 1291 4128 reli,
