2752 4694
418 304 458 352 rx
482 305 646 355 ceruum
672 305 828 355 ananan
854 305 933 358 uxr.
1178 294 1244 361 579

146 432 227 510 pirron
246 445 291 496 fax
310 445 432 497 redimo·
447 447 522 499 Idem
540 449 676 512 sexagesi,
714 447 844 511 adposuit,
863 463 932 498 morc
952 450 1113 511 Graecornpr.
1135 451 1243 502 Hesiod.

147 519 233 571 Adest
244 522 288 572 fax
305 523 422 573 involuta
432 524 564 581 incendio.
600 525 676 574 Idem
713 523 757 577 σὺν
772 523 860 574 οἰωνοῖς
878 525 1009 586 ἀγαθοῖσιν.
1044 528 1079 577 Et
1096 528 1245 590 Sophopi·

147 598 182 646 de
198 598 490 663 ritaPop.Ro.iih.rr.
506 602 676 650 Cumanova
712 614 769 661 nor,
792 599 817 648 in
837 600 956 648 Trachin.
985 601 1083 649 Bonam
1107 608 1193 651 aretem
1217 603 1244 652 iu

139 681 230 739 nupta
247 676 313 738 iguis
334 678 359 725 in
378 675 435 727 face
452 675 599 726 neferretur
614 676 675 727 fuco
712 675 809 738 nuptiis
820 675 908 723 alitem
928 674 1002 736 dixit,
1013 676 1082 738 qnod
1102 690 1162 725 aves
1173 691 1243 740 qnae·

143 751 202 813 ejus
213 760 331 814 sumptus
341 751 387 802 fax
404 768 437 802 ex
455 754 518 815 pinu
533 753 619 803 abluta
636 768 676 802 es·
712 752 770 799 dem
780 751 806 798 iu
817 750 855 798 his
864 748 984 798 infaustae
994 751 1109 813 maleque
1118 751 1243 802 ominata

145 833 195 889 sat,
206 834 304 877 nicam
321 843 388 892 puer
405 829 531 892 ingenuus
547 829 673 879 adferret.
711 827 773 888 sint,
784 841 847 890 qnos
866 825 956 875 Graeci
974 832 1113 888 propterea
1128 828 1179 876 reis
1196 844 1243 888 γα·

145 901 178 951 Iu
206 902 306 952 dnobus
332 905 515 968 manuscriptis
534 905 581 966 sic,
606 906 673 969 Fax,
709 902 779 958 κοῦσι
798 900 946 975 θινσοιώνιστα
960 898 1028 965 dputes
1045 908 1153 950 vocant:
1173 903 1244 966 quod

144 978 433 1040 muhaviam-01„
452 981 569 1030 ceponio
589 981 674 1030 didas.
711 976 844 1039 Interpres
872 975 1047 1039 Lycophronis
1069 976 1096 1024 in
1122 976 1191 1036 ilia‚·
1208 977 1243 1024 oh

145 1050 486 1114 caio,Confluitmuiicrum
505 1061 562 1104 tota
580 1056 673 1118 Roma,
709 1049 794 1110 μήποτ’
813 1051 840 1099 oh
862 1053 905 1099 Ζεῦ
929 1055 1003 1115 σῶτερ
1024 1051 1049 1101 ἐς
1070 1050 1161 1114 πθπραν
1180 1051 1239 1112 ἐμὴν

144 1142 204 1190 quae
225 1135 306 1176 noctu
326 1127 382 1177 fieri
403 1129 477 1178 initia
498 1130 575 1179 solita
595 1131 674 1178 ctiam
709 1127 817 1176 Στείλαιι
837 1126 939 1190 ἀρωγοὺς
957 1130 989 1192 πῇ
1008 1126 1149 1191 δοσαρπιίγιρ
1168 1127 1243 1190 κρεκὶ,

142 1217 212 1252 nunc
230 1204 309 1267 pinea
330 1202 375 1252 fax
396 1205 503 1254 iudicat.
551 1205 624 1255 Idem
646 1207 673 1255 in
710 1205 747 1254 sic
776 1205 876 1254 tradit:
910 1204 969 1268 Κρὲξ
996 1204 1074 1267 ὄρνέον
1099 1204 1240 1265 θαλάσσιον,

143 1280 275 1343 Sangam,
303 1279 388 1329 Adest
416 1278 461 1329 fax
489 1281 605 1330 innotata
634 1281 673 1329 iu·
707 1281 763 1336 ἵθιθι
784 1280 865 1330 ἐοικός·
894 1278 947 1328 ἔστι
968 1279 994 1329 u
1013 1280 1029 1339 ἡ
1048 1282 1094 1335 ἴβις
1121 1281 1173 1345 περὶ
1195 1283 1241 1341 τὴν

143 1356 245 1406 cendio.
280 1356 353 1406 idem
363 1357 396 1405 de
407 1356 462 1404 rita
474 1363 576 1418 patrum
585 1356 629 1404 lib.
640 1369 672 1407 ιι.
707 1356 834 1417 Αἵγνππον,
850 1354 1021 1419 ῥοπαρορθγον.
1050 1358 1240 1425 Καλλίμαχοιθ·

143 1432 209 1482 Cum
220 1445 235 1479 a
246 1446 313 1481 nova
330 1439 412 1494 nupta
421 1431 489 1494 ignis
506 1432 531 1479 in
544 1430 611 1480 facie
630 1431 673 1480 ad·
708 1431 734 1479 ἐν
750 1433 800 1480 τοῖς
818 1430 870 1495 περὶ
887 1430 971 1494 ὀρνέων
989 1431 1057 1495 φησι,
1073 1435 1123 1484 τοῖς
1138 1436 1241 1495 γαμοῦσι

142 1505 326 1558 ferreturfnco
345 1507 402 1570 ejus
420 1514 538 1570 sumptus
558 1508 672 1556 cumfax
708 1509 871 1558 impedituros
902 1508 968 1568 einai,
1000 1510 1039 1560 aad
1066 1511 1186 1574 Εὐφορίων
1213 1514 1239 1562 ἐν

142 1596 175 1629 cx
187 1582 249 1646 pinu
258 1582 317 1631 aiha
330 1590 409 1643 essct,
417 1590 446 1632 ut
457 1597 513 1632 eam
524 1599 590 1646 pucr
602 1585 672 1646 inge·
707 1586 883 1648 Ἀπολλοδώρῳ,
900 1586 1016 1648 ποικίλον,
1037 1586 1090 1636 οὐδὲ
1115 1588 1240 1648 μέλαθρον,

141 1672 208 1706 uuus
219 1656 353 1707 adferret?
386 1659 434 1707 Est
454 1659 542 1721 itaque
554 1660 672 1708 omnihus
708 1660 804 1725 ὀρχίλος
815 1659 887 1722 inan,
904 1660 1004 1723 Κύζικος
1016 1661 1044 1710 hv
1060 1664 1079 1711 θ’
1096 1664 1159 1721 isare
1170 1663 1242 1712 κωιὸν

142 1731 252 1780 inlibris
268 1732 372 1780 ‘Pinea
389 1732 452 1794 fax,'
464 1738 501 1793 et,
519 1734 527 1761 ‘
542 1735 580 1781 Ex
593 1733 673 1795 pinu!
707 1736 785 1800 γόμον
794 1737 987 1801 ἄχθόμενοικρέξ.
1004 1737 1074 1802 Κρεκὶ
1087 1738 1133 1796 τὴν
1142 1738 1240 1798 Ἑλένην

141 1807 279 1857 Postrema
296 1807 419 1856 Varronis
438 1807 517 1856 rerba
531 1809 672 1859 restituere
707 1813 840 1877 παρεικάζει
851 1816 887 1864 διὰ
897 1814 926 1862 τὸ
946 1813 1065 1875 δύσγαμον
1076 1814 1114 1863 καὶ
1124 1813 1239 1875 κακόνομ-

140 1882 279 1944 conabar,‘
294 1884 629 1946 Cumanovannptaignis
644 1884 671 1932 in
707 1890 884 1953 paupertates.
919 1891 1034 1941 Eandem
1052 1906 1126 1940 aram
1143 1892 1240 1941 iutelli-

140 1959 199 2009 faca
209 1959 322 2009 ferretur
332 1958 392 2009 foco
406 1960 463 2022 ejus
474 1968 601 2022 sumptus,
612 1975 671 2008 cum
709 1981 780 2030 geni,
798 1968 897 2030 opinor,
913 1967 1036 2028 Propert.
1055 1965 1101 2015 lib.
1113 1980 1150 2015 tv.
1163 1966 1241 2028 dixit,

140 2035 186 2085 fax
197 2050 230 2086 ex
250 2036 312 2099 pinu
330 2033 390 2085 alha
407 2041 487 2096 esset,
500 2041 529 2083 ut
540 2049 595 2082 earn
606 2049 671 2097 puer
707 2043 811 2092 ‘Docta
824 2045 864 2091 ve}
882 2042 1052 2104 Hippolytum
1065 2041 1160 2089 Veneri
1178 2043 1240 2091 mol.

140 2111 266 2175 ingennus
286 2109 385 2160 ferret?
418 2109 524 2159 Deinde
546 2112 554 2138 ‘
571 2109 670 2171 initia‚'
708 2118 755 2166 lire
767 2124 914 2180 negantem,
924 2115 1104 2178 concordique
1116 2121 1173 2164 toro
1184 2131 1240 2178 pes·

139 2185 299 2247 mutandum,
319 2186 346 2234 iu
365 2184 479 2235 ‘initio'
512 2185 588 2236 erod
609 2200 670 2234 vero
708 2191 960 2255 simascmpcravis.’
976 2190 1238 2254 Qreanquamquihus·

138 2262 230 2312 toribii
251 2263 320 2311 Plin·
344 2262 390 2311 lib·
412 2274 470 2309 ΠΙ·
492 2275 550 2323 0³9·
574 2266 612 2310 19·
636 2262 670 2312 de
707 2269 766 2319 dam
778 2269 804 2317 in
816 2268 889 2317 libris
900 2282 956 2316 esse
968 2265 1174 2327 dicaut,‘anus‚’
1187 2281 1237 2316 non

139 2339 222 2402 Spina
239 2337 391 2401 nuptiarum
408 2336 515 2399 facibus,
535 2338 602 2385 idem
623 2338 669 2399 ait,
707 2343 714 2371 ‘
735 2343 808 2393 aris!
834 2343 925 2392 Horat.
945 2356 965 2391 1.
985 2341 1037 2391 Od.
1055 2341 1148 2391 ‘Maia
1163 2341 1237 2391 ducis

138 2415 354 2478 auspicatissimo,
365 2412 391 2462 id
402 2428 465 2463 vero
481 2421 527 2461 aut
544 2414 602 2462 oiim
614 2412 669 2462 fue·
707 2419 748 2468 avi
770 2419 882 2478 domum,
912 2419 996 2470 Quam
1023 2417 1104 2469 multo
1132 2422 1238 2479 repetet

138 2498 191 2553 rat,
202 2498 247 2540 aut
264 2505 296 2539 ea
313 2490 401 2552 etiam,
418 2495 449 2539 nt
464 2490 565 2550 opinor,
585 2489 670 2552 pineis
707 2495 813 2545 Graecia
831 2495 914 2543 milite
934 2492 1077 2556 conjurata
1095 2498 1151 2541 tuas
1169 2482 1238 2542 rum·¹

137 2566 239 2618 facibus
256 2565 432 2616 intexebatur.
467 2565 521 2612 Fax
540 2571 626 2613 autem
641 2579 668 2613 o·
707 2585 769 2633 pere
796 2569 917 2634 nuptias!
948 2568 1051 2620 Gallim.
1077 2565 1167 2631 onrpd
1193 2568 1238 2626 τῆς

136 2645 213 2695 minis
231 2642 323 2695 caresta
342 2642 505 2707 praeferatur,
524 2648 553 2690 ut
573 2642 667 2704 signifi·
706 2644 839 2706 Παλλάδος,
852 2645 931 2694 bonas
949 2659 980 2692 ac
997 2643 1076 2693 malas
1092 2645 1167 2693 alites
1187 2643 1237 2707 sig·

136 2736 197 2771 care
208 2721 331 2785 Propert.
347 2719 451 2768 videtur
468 2718 514 2767 lib.
527 2731 564 2768 ιιι.
581 2718 667 2769 ‘erae
706 2723 811 2772 niticans
823 2722 900 2783 dixit,
920 2721 1044 2775 Γνωσεΐται
1061 2719 1082 2767 δ’
1097 2717 1195 2783 ὄρνιθας,
1209 2717 1236 2766 hs

136 2797 200 2846 mihi
211 2796 329 2846 deductae
341 2794 384 2844 sax
396 2808 471 2844 omen
488 2793 614 2856 praetulit,
624 2794 668 2843 iiia
706 2797 811 2847 αἵσισςοῖ
822 2816 852 2847 τε.
860 2795 970 2847 πέτονται
986 2795 1083 2856 Ἧλιθα,
1106 2794 1144 2847 καὶ
1164 2793 1236 2846 ποίων

136 2873 234 2923 Traxit
244 2872 277 2921 ah
289 2885 378 2941 pranso
395 2870 490 2919 lumina
501 2870 574 2932 nigra
588 2869 667 2933 rogo)
704 2875 747 2923 οὐκ
763 2872 847 2934 ἀγαθαὶ
865 2871 987 2936 πτέρυγος.
1028 2871 1122 2933 ltaque
1145 2870 1237 2931 θιγαθθιε

137 2948 198 2999 Nisi
208 2948 247 2997 sic
256 2947 387 3010 inteiligas
404 2947 508 3006 Facem,
520 2960 588 3009 qua,
600 2946 668 3008 qnod
704 2947 821 3011 πτέρυγας
832 2949 914 2996 honum
933 2949 1014 2996 etitem
1031 2954 1092 3007 apte
1105 2946 1234 3008 iuterpre-

136 3032 217 3075 noctu
234 3023 332 3086 nuptiae
348 3021 451 3083 fierent,
470 3020 669 3084 praeferebatur,
705 3032 799 3085 temur,
810 3024 851 3072 vei
862 3038 913 3086 quo
930 3022 1005 3071 modo
1013 3021 1111 3083 Vergil.
1124 3033 1167 3069 ιιι.
1176 3020 1234 3072 AEn.

137 3100 214 3162 Mihi,
234 3098 319 3162 iuquit
342 3097 465 3160 Propert.
493 3111 569 3144 omen
591 3097 667 3145 trista
705 3098 821 3162 proxime
850 3097 882 3145 ad
908 3097 963 3145 haec
985 3094 1111 3144 accedeus
1130 3095 1232 3146 callim.
1309 3122 1321 3145 s

136 3175 254 3238 praetulit
272 3174 328 3236 ipsa
345 3180 421 3236 rapta
438 3173 470 3220 de
491 3186 561 3234 rogo.
595 3172 666 3221 Piut.
704 3175 760 3223 ‘Et
780 3173 913 3222 volucrum
930 3172 1040 3234 linguas,
1057 3177 1084 3219 et
1106 3171 1232 3235 praepetis

135 3256 223 3299 tamen
236 3263 350 3298 caussam
362 3247 449 3297 adfert
460 3248 542 3309 aliam,
555 3261 601 3295 cnr
612 3248 668 3296 Fax
704 3252 789 3301 omina
810 3251 896 3314 pinnae
911 3249 936 3299 ι’
962 3249 1071 3299 aiterum
1093 3249 1162 3298 cuim
1189 3249 1232 3299 lex

135 3325 321 3390 praeferretur,
347 3324 421 3387 cujus
441 3323 520 3372 verba
538 3323 588 3372 alio
610 3323 667 3372 loco
704 3326 830 3375 Carminis
843 3325 977 3390 repudiat:
997 3339 1028 3374 ac
1040 3325 1135 3388 nescio,
1144 3340 1176 3374 an
1189 3326 1234 3375 ali·

135 3416 269 3465 ponemus.
703 3402 764 3467 quid
775 3402 807 3451 dc
818 3402 947 3452 TimIassio
958 3403 993 3452 sit
1004 3401 1207 3465 intelligendum.

169 3481 201 3526 16
220 3478 327 3538 Namque
345 3474 413 3523 dulia
430 3473 527 3535 Mattio]
543 3474 574 3522 Iu
587 3474 667 3522 omni·
734 3482 765 3526 21
784 3479 890 3528 Floridis
898 3477 1059 3527 ueluteniteut
1068 3478 1164 3540 Myrtus
1173 3478 1233 3526 Asin

134 3553 183 3602 hus
195 3553 250 3611 fere
261 3551 454 3615 manuscriptis,
470 3564 518 3598 ιιοιι
531 3550 608 3612 dudo,
619 3550 666 3599 sed
702 3553 810 3616 romulis]
827 3554 892 3604 Cum
899 3555 988 3616 Myrto
997 3553 1233 3615 comparat‚itaque

134 3629 218 3678 dunin.
286 3643 288 3648 ’
702 3629 800 3693 θαλερὰν
815 3629 886 3678 iliam
904 3627 1040 3691 significat,
1059 3628 1128 3692 quod
1145 3641 1232 3689 succo,

167 3706 199 3752 17
218 3698 302 3759 Qualis
319 3702 424 3752 [dolium
441 3700 528 3762 coiens]
546 3701 605 3750 Hoc
622 3716 666 3764 ge·
703 3711 730 3752 et
748 3704 880 3754 viriditate
899 3709 1016 3766 praestet,
1035 3717 1116 3768 eoque
1134 3701 1233 3752 Veneri

133 3792 197 3828 nore
206 3778 380 3828 similitudinis
389 3778 508 3827 eximiam
516 3778 602 3828 Juniae
613 3779 667 3841 pui·
703 3794 777 3828 sacra
798 3779 840 3829 sit.
885 3780 993 3829 Carrssas
1015 3778 1111 3840 adfert,
1132 3777 1232 3840 opinor,

134 3855 454 3919 chritudinemsignificat.
483 3848 666 3920 Saepssicaiii
702 3854 951 3904 Piut.iuProhlem.
985 3851 1072 3915 Atque
1086 3851 1231 3914 aequoque

135 3930 237 3983 Potite.
702 3929 729 3977 in
741 3930 866 3994 conjugiis
878 3930 1002 3991 adhibita,
1021 3925 1164 3991 conjugalis
1178 3926 1230 3974 dic·

167 4010 199 4054 10
215 4007 348 4055 Benacum
359 4005 418 4053 hona
429 4005 575 4054 Nubitoliie
586 4006 665 4070 uirgo]
703 4010 738 4055 ta.
750 4004 818 4073 Piin.
830 4007 875 4056 lih.
888 4019 927 4054 ιιι.
939 4017 995 4065 cap.
1005 4006 1045 4050 29.
1063 4001 1151 4050 Asiam
1160 4000 1231 4064 Myr-

134 4081 209 4131 Rona
227 4081 310 4144 virgo,
326 4081 407 4130 helia:
433 4081 459 4129 in
475 4081 667 4144 manuscriptis,
703 4088 767 4144 tom,
790 4083 832 4130 vel
851 4090 1036 4146 quamcumque
1057 4076 1236 4145 intelligamus

133 4156 213 4207 astu.
241 4157 302 4209 cnm
313 4157 372 4207 hona
382 4157 448 4223 odite,
457 4157 665 4222 praepositionem
702 4163 878 4220 prestantem,
896 4151 1037 4218 cujusmodi
1060 4157 1135 4203 erant
1152 4150 1236 4223 Asia,
