2752 4694
290 289 293 298 ·
328 284 379 333 sn
402 283 566 333 vanuum
591 282 855 336 eunvlomluu.
1081 274 1146 338 elo

177 426 245 476 Hine
258 427 382 490 pudorem
392 427 540 478 florulentae
552 427 723 495 prodiderunt
735 443 856 492 purpure
868 445 875 478 z

143 499 245 557 Humor
257 508 356 573 algens,
366 523 442 573 quem
452 509 550 560 serenis
562 517 634 559 astro
647 517 737 560 rorant
748 509 879 572 noctibus,

141 586 220 635 Mane
232 587 361 651 virgineas
373 588 484 651 papillas
496 590 573 637 solvit
585 589 674 638 aventi
686 591 776 654 peplo.

142 667 206 717 Cras
219 677 297 731 amet,
307 669 351 733 qui
362 683 502 735 numquam
514 671 628 731 amavit3
645 670 741 735 quique
752 671 857 736 amovit,
867 685 924 722 oras
936 678 1014 723 emet.

174 748 235 812 Ipse
242 749 324 812 jussit
336 763 408 821 mune
419 756 449 798 ut
461 749 519 799 adm
531 750 645 813 virgines
657 750 754 819 nubant
766 765 847 800 rosae:

141 827 204 875 Cms
217 827 346 891 ruborem,
355 829 399 893 qui
411 828 511 878 latebat
521 837 593 879 veste
605 836 693 881 tectus
704 825 789 895 ignea,

141 907 234 970 Unico,
244 910 346 970 marita,
358 908 426 961 uodo
438 922 488 958 non
501 908 610 972 pudebit
622 911 732 960 solvere.

140 989 203 1037 Cras
215 996 294 1052 annet,
304 990 347 1052 qui
359 1003 496 1052 numquam
507 989 621 1050 amavit3
639 990 735 1054 quique
746 992 852 1054 amavit,
865 1005 921 1042 oras
934 998 1012 1043 umet.
1071 986 1075 997 '

171 1069 234 1133 Ipsa
246 1070 380 1132 Nymphas
392 1071 462 1120 Diva
472 1071 531 1119 luco
537 1072 616 1134 jussit
627 1072 666 1120 ire
677 1079 791 1135 myrteo;

139 1149 166 1198 It
179 1163 244 1211 puer
256 1164 341 1198 comes
352 1149 460 1212 puellis:
479 1163 528 1199 neo
540 1159 623 1198 tamen
636 1151 804 1215 credipotest

139 1230 204 1277 Esse
215 1228 338 1277 Amorem
350 1228 482 1289 feriatum,
493 1231 515 1278 si
527 1231 636 1292 sagittas
647 1232 758 1282 vexerit.

139 1309 182 1358 Ite
194 1309 340 1373 Nymphae:
359 1311 443 1374 posuit
452 1325 532 1373 arma,
544 1310 653 1362 feriatus
664 1321 704 1362 est
715 1312 804 1364 Amos.

139 1389 204 1442 Cras
216 1396 294 1452 amet,
306 1389 351 1454 qui
362 1404 501 1455 numquam
514 1392 626 1454 emavil3
642 1393 738 1457 quique
749 1394 856 1457 amavit,
868 1409 925 1444 oras
936 1402 1014 1446 amet.

106 1516 110 1523 ,
169 1469 262 1520 ,lassus
272 1475 313 1519 est
324 1469 428 1519 inermis
440 1469 486 1532 ise,
495 1470 578 1519 nudus
590 1471 629 1521 iro
636 1471 725 1535 jussus
735 1481 792 1523 est:

139 1550 197 1598 Neu
211 1550 272 1613 quid
282 1564 353 1613 arcu,
363 1564 413 1599 neu
424 1551 531 1614 sagitta,
541 1565 593 1602 neu
604 1553 735 1618 qnid-igne
747 1554 864 1607 lederet.
894 1588 897 1599 -

41 1691 46 1698 ἱ
137 1629 189 1678 Sed
201 1637 287 1678 tamen
298 1636 390 1683 caveto
400 1631 540 1695 Nymphoe,
552 1632 620 1697 quod
632 1633 734 1698 Cupido
745 1635 835 1698 pulcer
844 1644 900 1686 est:

137 1709 220 1758 Totus
232 1710 300 1759 haud
310 1711 413 1760 inermis
425 1710 503 1776 idem,
512 1713 615 1776 quondo
623 1713 707 1762 nudus
720 1725 761 1764 est
772 1714 860 1765 Amor.

137 1790 200 1840 Cras
210 1796 289 1853 amet,
300 1791 343 1855 qui
355 1804 494 1857 numquam
502 1794 614 1856 amavit3
633 1796 729 1860 quique
741 1797 846 1862 amavit,
855 1812 912 1848 crus
920 1805 1000 1851 amet.
1034 1830 1037 1836 ,

169 1870 290 1934 Compsri
302 1871 393 1921 Venus
403 1873 502 1936 pudore
511 1875 593 1926 mittit
603 1876 635 1924 ad
649 1885 674 1924 le
686 1877 814 1940 virgines:

137 1950 196 1998 Una
207 1965 248 1998 res
257 1957 305 2013 est,
316 1962 392 2015 qnam
406 1967 536 2017 rogamus,
547 1956 621 2018 cede,
633 1958 714 2020 Virgo
726 1959 819 2007 Delia:

137 2031 175 2080 Ut
185 2045 273 2079 nemus
284 2031 318 2080 sit
329 2031 493 2081 incruentum
505 2033 537 2082 de
548 2033 636 2083 ferinis
649 2035 786 2098 stragibus.

137 2111 199 2174 ipsa
212 2113 300 2175 vellet,
311 2119 340 2162 nt
352 2113 496 2174 vessinensi
509 2112 614 2162 deceret
624 2115 758 2178 virginem.

138 2192 293 2254 Oenomai,
306 2193 349 2257 qui
360 2207 499 2257 numquam
510 2193 622 2255 amavltq
639 2194 733 2257 quique
745 2194 850 2259 amavit,
859 2209 916 2245 orus
928 2203 1006 2247 amet.

166 2271 225 2322 Jsm
237 2273 320 2323 tribus
331 2274 421 2322 choros
434 2273 534 2321 videres
546 2271 653 2322 feriatos
667 2273 793 2335 uuotlbus,

135 2355 283 2417 Congreges
295 2355 364 2403 inter
375 2360 492 2409 catervas
502 2353 539 2402 ire
551 2368 599 2417 per
608 2355 688 2402 saltus
701 2360 767 2417 tuos,

136 2434 239 2484 Floreas
251 2435 320 2484 inter
330 2449 447 2497 coronas,
458 2441 572 2498 myrteas
583 2435 652 2484 inter
663 2449 744 2484 casas.

136 2515 198 2566 Cras
209 2524 288 2578 emet,
296 2516 339 2581 qui
351 2531 488 2579 numquam
500 2515 612 2578 amavit3
630 2516 725 2580 qnlquo
737 2517 842 2581 amavit,
852 2532 909 2566 oras
920 2527 996 2570 emet.

169 2597 226 2646 Nec
238 2599 326 2657 Ceres,
334 2611 383 2645 neo
393 2597 511 2646 Bacchus
523 2596 626 2659 absunt,
636 2610 685 2646 uec
698 2597 837 2646 Poetarum
849 2598 933 2649 Deus.
961 2633 964 2637 -

136 2677 278 2737 Deoinent‚
289 2684 316 2726 et
327 2682 384 2726 tota
396 2691 445 2725 uox
457 2682 499 2726 est
509 2676 653 2741 porviglata
664 2678 797 2728 caulibus:

136 2757 239 2820 Regnet
251 2757 276 2805 in
288 2757 359 2806 silvis
370 2757 466 2820 Dione,
478 2764 507 2807 tu
518 2756 613 2806 recede
624 2757 716 2806 Delia!

136 2838 199 2887 Clas
210 2844 287 2900 amet,
298 2839 341 2901 qui
352 2851 487 2900 numquam
498 2836 611 2894 amauitq
628 2835 721 2898 quique
733 2837 837 2897 amavit,
849 2851 906 2885 eras
919 2845 997 2890 amet.

166 2916 250 2968 Jussit
262 2916 377 2979 Hyblaeis
389 2916 502 2965 tribuual
513 2922 582 2963 stare
592 2914 660 2975 Diva
671 2912 775 2963 floribus
786 2931 792 2963 ε

133 2995 223 3057 Hybla
234 3001 302 3045 totos
314 2993 394 3043 funde
402 2992 490 3059 flores,
501 2996 611 3057 quantus
623 2992 703 3042 Ennae
716 3008 820 3057 onmpus
831 3000 889 3055 est;

134 3074 224 3137 Hybla
233 3072 324 3124 florum
337 3088 425 3138 prome
437 3081 533 3136 vestes,
544 3079 672 3139 quotquot
683 3087 764 3122 aunus
775 3074 879 3123 adtulit.

135 3156 200 3204 Cras
212 3162 289 3218 amet,
299 3156 342 3221 qui
354 3170 490 3220 numquam
500 3156 612 3217 amsvlt3
629 3155 723 3219 quique
735 3155 839 3218 amavit,
848 3168 906 3222 eras
918 3164 995 3212 umet.

166 3235 269 3284 Praeses
278 3236 333 3299 ipss
340 3237 400 3301 jura
409 3235 489 3294 dicet,
497 3233 654 3295 adsidebunt
663 3235 762 3284 Gratiae
772 3251 780 3295 ς

134 3314 212 3366 Ruris
223 3316 264 3365 llio
276 3322 354 3366 erunt
365 3316 467 3381 puellm,
478 3317 519 3364 vel
532 3316 625 3379 puellas
637 3315 773 3378 montium,

134 3397 251 3459 Quaeque
260 3395 347 3458 silvas,
358 3410 467 3462 qumque
480 3397 562 3458 lucos,
573 3409 681 3461 quaeque
692 3395 779 3445 fontes
788 3395 914 3448 incolunt.

132 3476 216 3527 Jussit
227 3478 324 3525 omneis
335 3476 453 3525 adsidere
466 3475 540 3539 pueri
550 3482 634 3524 mater
643 3475 727 3535 alitist

133 3556 217 3607 Jussit
227 3564 256 3605 et
266 3557 336 3606 nudo
345 3558 444 3620 puellas
456 3557 491 3606 uil
503 3555 594 3610 Amori
605 3557 723 3606 eredere.

135 3638 197 3686 Cras
209 3645 288 3695 amet,
300 3639 342 3702 qui
354 3652 492 3706 numquam
504 3637 617 3697 emavil;
635 3637 730 3706 quique
742 3639 848 3701 amavit,
859 3651 915 3687 eras
927 3643 1004 3690 amet.

165 3719 229 3767 Cras
240 3717 299 3780 erit,
310 3733 361 3782 quo
373 3717 471 3781 primus
483 3716 564 3766 aether
574 3715 706 3778 oopulauit
713 3716 827 3779 nuptias,

134 3798 172 3848 Ul
184 3806 258 3862 pater
268 3798 328 3846 totis
338 3804 439 3846 crearet
450 3809 542 3844 vemas
550 3809 644 3844 aunum
654 3794 774 3856 nubibus,

34 3925 36 3928 .
132 3877 164 3926 In
175 3879 255 3927 sinum
265 3877 372 3926 maritus
383 3875 465 3925 imber
476 3873 551 3924 fluxit
561 3876 633 3924 almas
642 3875 772 3940 conjugis;

134 3957 210 4006 Unde
221 3957 300 4007 foetus
309 3957 404 4006 mixtus
415 3956 512 4005 omneis
522 3956 604 4004 aleret
613 3970 707 4020 magno
716 3970 832 4020 corpore.

135 4037 198 4089 cmo
208 4043 286 4096 amet,
297 4037 339 4100 qui
349 4050 485 4100 numquam
497 4034 605 4095 amavit;
622 4037 716 4100 quique
727 4037 833 4098 amavit,
842 4049 901 4086 oras
913 4042 987 4088 umet.

167 4118 227 4181 lpse
238 4132 315 4168 venas
327 4124 404 4185 atque
416 4124 526 4167 mentem
538 4118 694 4181 permeantis
705 4116 809 4181 spiritus
867 4178 871 4183 ι
