2752 4694
419 294 459 344 ru
484 292 649 344 ossuum
675 290 832 343 caussas<
858 292 892 344 v.
1115 277 1182 342 tta

82 437 424 508 tampoiitisperfrmiliare.
440 438 534 502 Virgit.
544 437 611 488 ‘Po-
686 434 876 498 Mucium]
902 432 1089 498 Argumentum
1104 433 1185 484 adia·

80 535 114 570 ue
126 524 269 575 metusmet
279 517 361 566 talos:
379 520 480 579 percat,
490 512 533 576 qui
545 526 613 562 cras·
653 513 738 562 simili.
754 527 804 561 uon
815 511 919 572 utSoii,
935 512 973 560 ita
988 516 1017 571 et
1032 508 1129 559 homiui
1144 507 1184 558 ias

82 598 140 647 tina
155 601 239 646 curat.
270 594 343 643 Mors
355 605 442 640 aurem
455 590 561 650 vellaus,
575 588 613 636 vi·
653 595 703 650 ert,
712 588 754 636 ubi
766 584 955 647 scmcloc'cidit,
966 585 1079 635 invitam
1088 583 1185 634 redire.

81 674 145 734 vite,
164 671 209 733 ait,
229 668 324 719 renio!
363 666 457 716 Tibuii.
481 665 613 726 ‘luterem
655 664 801 725 Lucretius,
825 661 1048 727 ‘necquicquam
1064 660 1184 724 expergi-

83 749 144 797 dum
159 748 214 796 suta
232 747 328 806 sinuat,
340 744 477 808 jungamus
494 754 612 790 amores:
655 745 697 789 tuo
716 745 799 800 extat,
821 736 926 800 Frigida
947 750 1023 800 quem
1042 736 1121 787 semei
1144 741 1185 786 est

81 826 142 877 Jam
158 825 248 872 veniet
261 812 381 870 ‘taocbris
400 833 469 868 mors
486 818 614 880 adoperta
655 814 719 864 ritui
730 827 812 876 pausa
823 809 931 861 secuta!

82 899 182 964 caput?
226 899 349 961 Propert.
378 895 466 944 ‘Dum
488 907 535 942 uos
556 891 612 941 fata
685 894 701 937 c
725 887 792 949 Iam]
823 886 895 936 Vita.
917 883 1011 948 virgil.
1031 884 1100 948 ‘qua
1119 885 1185 935 lucis

80 975 274 1036 sinunt,ocuios
285 971 409 1021 satiamus
421 983 516 1019 amora.
551 969 611 1018 Nox
651 965 751 1014 mireris
763 970 815 1013 tam
832 963 889 1012 diro
899 958 1029 1024 cupidoi'
1045 959 1106 1008 hinc
1121 960 1129 986 ‘
1142 972 1185 1009 ca·

81 1050 130 1100 tibi
146 1051 221 1112 ionga
240 1047 321 1108 veuit,
336 1060 385 1096 uec
404 1044 519 1094 reditura
537 1042 612 1093 dies!
652 1038 824 1100 reataaiucc:
840 1045 867 1087 ct
882 1037 986 1086 ‘cesam
1001 1034 1115 1095 lomina,'
1136 1048 1186 1097 pro

82 1125 197 1174 Martiai.
214 1123 368 1172 ‘Vivamurt
395 1126 503 1169 mortem
518 1116 611 1166 falieta
651 1115 758 1163 mortuis
775 1113 866 1163 Poiitm
883 1113 989 1162 dicunt:
1007 1116 1035 1160 ct
1051 1109 1183 1172 ‘lamium'

80 1212 155 1248 nemo
166 1195 271 1260 potest!
304 1194 388 1254 itiam,
403 1195 411 1223 ⁶
422 1195 523 1257 Frange
532 1201 612 1253 toros,
652 1197 699 1238 aut
709 1190 717 1217 ‘
728 1191 812 1238 iucem
824 1184 988 1250 r·eiiuquerc,'
999 1184 1073 1232 mori.
1090 1183 1184 1247 Virgii.

82 1280 144 1336 pete
157 1273 227 1334 uina,
237 1285 307 1320 rosas
319 1284 392 1333 cepe,
403 1270 504 1331 tingere
515 1268 611 1316 nardo:
652 1265 730 1315 ‘Quo
751 1264 833 1327 magis
853 1263 985 1324 inceptum
1006 1267 1123 1324 peragat,
1147 1260 1184 1308 iu·

82 1347 145 1412 Ipse
151 1347 230 1409 jubet
243 1345 365 1396 mortista
376 1343 522 1393 meminisse
531 1340 612 1392 deus.'
652 1353 759 1403 cemqua
778 1326 927 1402 relinquat!
960 1335 1067 1398 Ennius,
1089 1334 1185 1383 ‘Post-

83 1420 178 1471 Actius
196 1421 328 1482 sinceras,
343 1417 402 1467 ‘Au
422 1431 502 1480 genus
518 1416 613 1479 impra·
652 1429 727 1479 quam
744 1413 892 1463 luminosis
908 1411 989 1462 ocoiis
1006 1410 1088 1460 bouus
1099 1407 1185 1458 Auca'

33 1506 38 1523 ¹
83 1495 298 1556 domiminum,
316 1493 377 1558 quid
395 1492 489 1557 modia
506 1490 611 1542 differs?
652 1488 755 1552 reliquit
765 1487 781 1538 :’
802 1501 880 1552 quam
895 1500 998 1535 vorsum
1014 1497 1083 1548 pene
1102 1491 1185 1534 totum

77 1643 165 1707 jocis!
198 1644 290 1693 Horat·
309 1649 395 1692 rotem
414 1656 446 1691 ca
465 1642 614 1704 inrepens
652 1640 720 1688 mina
744 1641 783 1688 sic
808 1638 889 1687 etiam
911 1636 972 1686 solis
998 1635 1078 1684 bouus
1100 1632 1186 1683 Aucu’

79 1719 232 1768 immodicus
240 1727 294 1768 est:
312 1717 393 1766 sedet
402 1717 467 1767 scita
476 1717 614 1767 admodum
651 1713 774 1779 reliquit'
800 1713 912 1773 Novius,
930 1709 995 1760 ‘ubi
1012 1708 1120 1771 bipedes
1139 1722 1185 1757 so·

81 1793 192 1842 Bacchis
204 1793 326 1842 Plautina
336 1791 385 1842 hoc
393 1792 450 1855 ipso
462 1800 615 1855 argumento
651 1791 735 1841 lucres
747 1790 799 1839 lino
810 1790 929 1854 iiuquaot
940 1786 1053 1836 iumine!

83 1867 116 1917 ad
128 1882 213 1917 senem
225 1869 324 1917 utitur:
341 1867 420 1916 ‘Noa
437 1866 486 1917 tibi
505 1867 576 1916 veuit
588 1868 615 1916 iu
683 1869 700 1915 o
717 1863 785 1927 Noc]
809 1865 922 1913 Mortem
940 1862 1047 1922 indicet,
1062 1873 1136 1925 qoam
1154 1865 1183 1908 et

80 1951 205 2006 mentem,
224 1943 323 2004 amabo,
335 1941 366 2002 si,
382 1941 444 1990 dum
463 1941 544 2003 viras,
562 1941 612 1991 tibi
652 1939 741 1989 Graeci
751 1938 842 1988 Poste
854 1936 927 1987 rimo
941 1936 1070 1986 interdum
1083 1944 1183 1995 vocant,

81 2018 238 2078 beueieciao,
255 2019 316 2069 Jom
336 2018 380 2080 poi
397 2017 424 2065 id
440 2017 544 2080 quidem
555 2030 612 2066 carc
652 2026 680 2067 et
690 2016 881 2080 >citatorium
897 2022 938 2065 ert
955 2014 1034 2075 enim,
1046 2020 1076 2061 ut
1087 2010 1183 2061 docent

81 2092 148 2141 haud
161 2092 393 2156 perlongiuquum?
420 2093 545 2156 usqua,ri
561 2093 611 2142 hoc
652 2092 761 2142 Homer.
790 2098 817 2141 ct
841 2091 935 2154 Virgii.
961 2086 1182 2149 ‘conteugoioeus

82 2167 160 2216 hodia
173 2168 297 2227 amiseris,
308 2167 373 2216 Post
381 2174 489 2216 mortem
499 2167 613 2217 idetco·
653 2168 729 2218 Lethi
750 2166 860 2233 Sopor?
889 2165 935 2214 sed
957 2172 985 2213 at
1008 2163 1127 2224 Orpbeus
1148 2159 1183 2208 ad

81 2249 170 2290 turum
188 2255 246 2290 essa
270 2239 415 2304 unquemi'
443 2240 527 2289 Porro
544 2241 613 2290 huuc
653 2245 785 2305 Somnum,
815 2237 1017 2302 ammaus-yemis
1043 2237 1091 2300 γὰρ
1126 2235 1184 2299 icor

81 2330 227 2367 saumonem
240 2318 307 2365 inter
320 2316 411 2378 pocula
421 2314 542 2364 usitatum
551 2314 613 2365 fuis·
652 2319 728 2378 Λήθης
738 2317 843 2382 Θανάτου
856 2336 892 2367 rr.
916 2316 1011 2379 Virgii.
1032 2312 1106 2363 ‘Olli
1117 2312 1183 2363 dura

80 2407 120 2453 se,
131 2389 520 2452 iudicatLucret.irisucrribus,
536 2390 613 2441 ‘Huc
653 2396 727 2460 quies
743 2396 880 2444 uouisset
897 2391 996 2441 ferrcus
1016 2396 1093 2453 urget
1110 2390 1182 2438 Sum·

80 2470 161 2519 ctiam
182 2466 292 2528 faciunt,
311 2466 357 2516 abi
385 2465 547 2528 discubuere,
575 2473 612 2516 te·
653 2485 718 2521 uuo:
736 2471 896 2521 inueternam
915 2467 1070 2518 clauduntur
1087 2464 1183 2514 iumiur

79 2550 196 2607 noctque
207 2543 307 2593 Pocula
318 2555 387 2605 sape
401 2541 526 2602 homiues,
538 2542 612 2591 etin·
653 2545 777 2596 noctem!
806 2548 910 2596 Lucrct.
936 2545 1020 2593 ‘uuus
1043 2541 1183 2601 Homerus,

81 2619 203 2669 umbrant
220 2632 267 2668 0¹⁸
285 2617 403 2676 0⁰1⁰¹¹iflt
420 2617 460 2665 Ex
479 2617 564 2665 animo
583 2622 613 2666 ut
652 2621 763 2684 Sceptra
777 2623 885 2684 potitus,
899 2619 989 2670 eadem
1006 2617 1064 2666 aliis
1079 2614 1182 2678 sopitu'

82 2694 181 2755 dicant,
193 2693 281 2743 brevis
292 2699 333 2742 ast
350 2692 392 2741 hic
403 2689 503 2740 tructos
514 2690 613 2740 homoi·
652 2695 739 2759 quiete
745 2694 803 2743 ast!
820 2695 915 2744 Horat.
932 2694 1018 2756 ‘Ergo
1026 2691 1181 2744 Quintilium

78 2770 122 2818 iis.
154 2770 214 2820 Jam
225 2769 318 2819 fuerit:
335 2780 418 2831 aeque
430 2772 491 2829 post
501 2780 612 2830 unquam
652 2776 794 2832 perpetuus
819 2783 897 2831 sopor
925 2766 1030 2831 urgeti’
1058 2766 1182 2830 Propert.

80 2859 203 2895 revocare
214 2842 323 2894 iicebit!
650 2846 659 2873 ⁴
674 2845 734 2893 Nox
751 2844 799 2893 tibi
813 2845 892 2907 longa
908 2844 989 2905 veuit,
1007 2856 1055 2892 osc
1067 2841 1182 2891 reditura

118 2917 241 2980 Viomusto]
285 2917 381 2965 Vivere
414 2929 484 2978 saepe
522 2914 613 2964 dicunt
653 2917 726 2967 dies!
758 2913 926 2970 Qum'omoia
944 2916 1064 2982 ioqucudi
1085 2928 1183 2980 gestata

80 2993 167 3058 poetas
178 3008 226 3056 pro
235 3007 266 3042 ao
282 2991 350 3056 quoti
362 2997 414 3052 cat,
425 2990 564 3054 genialiter
575 2991 612 3039 vi·
652 2994 752 3046 fluxere
774 3012 789 3045 a
811 2995 877 3046 salsa
901 2995 945 3044 iiia
974 2995 1105 3056 opinione,
1132 3006 1183 3057 qua

80 3083 158 3130 vetet
175 3076 203 3118 et
220 3069 299 3117 vitam
314 3081 373 3116 erm
389 3066 493 3115 demum
510 3072 612 3128 vocant.
652 3072 744 3120 imbuti
757 3077 832 3120 eraut
842 3069 980 3119 multorum
991 3068 1079 3128 animi,
1090 3066 1182 3115 cariem

82 3158 140 3209 qum
158 3144 304 3206 voluptaria
319 3148 369 3191 est
392 3141 508 3190 Martial.
531 3139 611 3190 ‘’Non
652 3145 834 3194 ucsiucaussa
849 3150 963 3192 mortuos
979 3140 1046 3203 fore,
1062 3141 1182 3206 quador-

81 3225 132 3277 est,
143 3218 221 3268 cradc
237 3218 308 3278 mihi,
324 3217 450 3279 sapientis
465 3215 562 3277 dicere,
575 3216 612 3264 vi·
652 3219 761 3268 mieuter
775 3233 869 3268 sumus.
886 3219 992 3269 Lucret.
1008 3217 1064 3266 ‘'i'u
1078 3217 1189 3282 quidem*

81 3307 156 3342 vem:
173 3292 238 3342 Sera
257 3292 333 3341 nimis
351 3291 406 3338 vita
422 3295 463 3338 cst
479 3291 610 3339 crastiua:
652 3299 682 3342 ut
703 3307 730 3342 es
761 3295 831 3344 lecto
852 3294 962 3358 sopitus,
983 3294 1021 3343 sic
1043 3294 1104 3357 eris,
1130 3293 1181 3344 reri
1277 3323 1284 3337 ·

80 3367 244 3417 viveirodie!
261 3365 363 3429 Idem,‘
377 3365 436 3415 Nou
446 3364 612 3428 impudenter
652 3368 729 3420 Quod
742 3377 870 3434 superest,
885 3369 984 3419 cunctis
1000 3368 1118 3432 privatu’
1137 3369 1183 3418 do·

81 3441 146 3504 vita,
161 3442 228 3506 quoti
243 3442 368 3506 reiiquum
385 3448 435 3502 est,
455 3441 532 3503 petit,
547 3441 613 3491 Cum
653 3445 751 3494 loribus
762 3445 855 3509 agris!
882 3444 1051 3509 Anaxagoras
1068 3443 1181 3505 dicebat,

80 3517 237 3583 sarua,quod
247 3520 311 3568 satis
322 3525 370 3581 ert,
380 3517 477 3567 habet.'
493 3518 613 3569 cecilius
653 3520 763 3570 duarum
776 3534 862 3570 raram
873 3520 1031 3583 cogitatione
1044 3533 1118 3581 porse
1135 3533 1182 3567 noo

81 3594 224 3656 Hymnide,
254 3595 327 3644 ‘Sca
349 3607 449 3643 menses
474 3592 535 3644 mihi
554 3592 613 3646 sa'ti'
653 3595 807 3661 intelligere,
817 3596 904 3660 quales
917 3603 1089 3660 postmortem
1100 3595 1182 3645 futuri

83 3675 144 3719 suot
155 3669 232 3718 vitta:
250 3669 388 3734 septimum
399 3669 470 3718 Orco
480 3670 612 3733 spondeo!
653 3685 783 3721 essemus:
805 3672 895 3733 somni,
920 3679 949 3720 at
970 3672 1025 3735 ejus
1048 3671 1182 3735 temporis,

81 3744 174 3794 Lucili.
190 3744 299 3793 ‘Visite
310 3744 438 3806 iurconas,
449 3744 613 3808 eomcdoues,
654 3747 722 3811 quod
733 3753 849 3796 nostrum
865 3746 989 3811 cujusque
1006 3754 1090 3797 ortum
1109 3752 1182 3794 anta·
1206 3800 1209 3809 Ι

81 3818 164 3868 virito
174 3819 295 3869 ventres!
312 3819 396 3869 Varro
406 3818 457 3882 περὶ
465 3820 613 3882 φιλονεικίας,
653 3822 741 3872 cessit.
765 3823 797 3871 Ia
809 3822 903 3872 divinis
921 3837 1022 3888 quoque
1033 3822 1124 3880 literis,
1135 3819 1187 3867 sed'

80 3894 247 3960 ‘Properate
260 3895 349 3945 vivere
367 3910 464 3961 passm,
477 3898 613 3961 quaesiuit
652 3898 729 3962 longa
753 3899 803 3947 aiia
829 3898 862 3947 (ic
890 3912 990 3959 caussa,
1016 3910 1084 3945 mors
1111 3906 1181 3956 saepa

83 3973 191 4021 aetatoia
206 3972 305 4034 ludere,
321 3986 387 4035 esse,
409 3987 504 4037 amare,
517 3980 545 4024 ct
560 3975 613 4023 Vc·
653 3974 736 4023 soruni
755 3988 785 4023 ac
810 3974 905 4039 quietis
927 3973 1030 4022 nomina
1051 3967 1181 4018 afficitur:

81 4047 152 4097 nario
161 4055 252 4099 tencre
263 4047 355 4111 bigas!
652 4050 758 4102 undeet
769 4058 888 4102 anostrre
899 4046 1030 4110 religionis
1037 4044 1182 4095 homiuibus

74 4149 79 4157 ·
148 4127 412 4191 Deipit.etVor.Ciuo.
591 4127 670 4178 Cotti.
1062 4125 1117 4173 21²
