2752 4694
370 346 420 391 un
445 345 609 393 vaurms
634 346 902 399 rnnvrormuu.
1126 331 1191 399 805

92 484 242 548 mummuli,
253 487 286 536 Et
297 486 445 537 indecorum
455 487 548 536 mentis
558 488 623 536 mol·
661 496 765 538 ritorsat
788 488 920 538 cornicula
941 488 1028 551 riurm,
1053 497 1097 538 aut
1123 491 1193 539 slmi-

92 561 175 611 titiam
193 561 323 625 arguunt!
360 563 412 612 Sed
430 563 455 612 iu
473 563 583 613 orbitam
594 571 623 613 et
660 566 698 613 les
710 567 791 627 nigras
802 573 830 614 et
844 564 956 614 sinistras
967 580 1029 614 sves
1043 567 1192 628 audiuntur,

93 637 125 685 ad
139 639 244 699 lychnos
257 642 348 691 Nostri
360 643 461 704 Vigilis.
661 655 717 705 qum
729 641 841 704 pessime
853 640 922 704 apud
933 641 1062 690 Venerem
1075 641 1192 702 audiunt,

125 717 157 761 st
176 715 210 763 El
220 731 318 767 canorus
328 732 374 766 nort
384 723 463 767 lucere
476 718 624 778 Dimjussit
660 714 772 778 bulrspos
782 714 870 764 κύκνον
879 715 959 779 μικρὸν
970 715 1043 778 θρόον,
1052 715 1080 775 tt
1094 720 1192 767 κολοιῶν

92 788 624 857 ulites1Nsurquodadvarab.supra
662 790 1194 855 nmmsruuapmtmmbmsvsobur.
1288 848 1292 855 .

93 864 253 928 adduximus,
259 869 622 922 meritosuo‘Vercauorum’
694 871 727 916 86
742 866 866 916 Adconout
879 867 946 916 Terei
958 869 1042 930 puelle
1052 868 1131 917 subter
1142 884 1193 918 uut-

92 947 120 991 et
133 943 220 990 vocale
231 952 337 1007 propter
345 961 406 996 ares
416 946 624 1010 loquaculas,su·
663 943 728 991 bum
734 943 826 1007 populi]
838 943 881 992 lta
892 942 963 994 Piilr.
971 944 1106 1004 eleganter
1114 943 1194 1006 Liprli

93 1024 185 1077 petila
196 1019 293 1082 elingui
305 1021 386 1070 veluti
397 1021 492 1082 hisare,
503 1021 624 1085 indigite·
661 1019 800 1069 sententia.
827 1017 858 1067 ld
870 1024 920 1075 est,
933 1018 1061 1067 Luscinia
1071 1025 1099 1066 et
1110 1018 1195 1067 lriruu·

92 1093 252 1144 trrrvensnr.
264 1097 625 1160 Fortun.}lymnol’ssem1i‚
663 1094 736 1147 dines
748 1094 794 1143 snb
806 1093 925 1143 arborum
937 1095 1051 1157 tegmine
1070 1107 1116 1155 uer
1133 1107 1195 1143 noe·
1266 1098 1268 1104 '

92 1167 151 1217 ‘Ad
163 1177 255 1222 cautus
266 1181 403 1223 revocatur
414 1172 477 1233 aris,
494 1187 551 1235 quas
568 1187 624 1222 esr-
664 1177 726 1230 tem,
737 1177 775 1219 ·et
796 1171 929 1234 praecipue
951 1185 1026 1221 mane
1048 1170 1194 1220 cantillant.

93 1243 161 1292 ruine
184 1246 282 1303 clauso,
311 1247 415 1309 Pigrior
442 1247 550 1296 hiberno
578 1246 624 1298 iri·
664 1246 724 1295 Non
734 1251 830 1295 temere
839 1247 917 1308 igitur
926 1247 1015 1295 adhoc
1024 1245 1195 1308 Pervigilium

93 1334 165 1381 gore,
178 1333 252 1372 mrito
269 1321 337 1373 fuir!
366 1323 399 1372 Et
415 1323 507 1372 Manil.
526 1324 623 1374 lib-ur.
663 1319 961 1371 Venerisudductmtur(
974 1321 1195 1372 Namuthiruudo
1284 1331 1287 1389 J

93 1396 141 1445 sub
152 1396 238 1457 ficem,
250 1407 352 1462 tempus
368 1398 416 1448 boc
428 1400 625 1453 amoenissimum
663 1395 783 1460 lptpmdu,
794 1412 860 1446 morte
871 1400 964 1458 lugens,
977 1395 1129 1458 Pandionis,
1140 1398 1195 1448 He·

93 1479 121 1525 et
132 1473 188 1536 lpse
199 1474 226 1522 in
244 1475 371 1525 theatrum
389 1474 545 1537 producens,
555 1489 625 1525 eum·
663 1473 735 1523 siodo
754 1481 935 1536 nuncupatum
958 1473 997 1522 its
1015 1473 1145 1535 luscinia,
1165 1481 1196 1523 at

94 1547 153 1597 dem
165 1550 233 1598 hunc
243 1563 344 1598 sessum
356 1545 402 1598 84}
413 1557 442 1601 et
459 1557 626 1610 antegressos
663 1550 733 1611 sprtd
744 1549 907 1599 Ambrosium
919 1551 1007 1610 legere
1021 1555 1072 1607 cst,
1083 1548 1196 1611 pervigil

93 1623 132 1671 ita
148 1625 375 1688 circumloquitar:
396 1627 484 1674 ‘Tune
496 1627 625 1689 pecudum
664 1633 761 1686 custos,
772 1639 829 1674 cum
840 1639 890 1673 ova
900 1625 1017 1688 quiedam
1035 1625 1122 1687 posita
1139 1639 1197 1696 cor·
1279 1678 1282 1684 Α

45 1723 51 1732 1
93 1701 279 1764 volueramque
296 1717 377 1764 genus
394 1717 443 1765 per
455 1703 625 1766 pabulalasta
665 1703 733 1765 poris
745 1702 844 1765 gremio
855 1700 935 1763 foret,
951 1702 1094 1751 insomnem
1112 1702 1195 1764 longua

93 1777 126 1828 ln
139 1778 266 1828 Venerem
280 1788 432 1844 partumque
451 1778 513 1841 ruit,
531 1787 625 1831 totum·
664 1777 749 1826 noctis
771 1777 884 1826 laborem
907 1778 1044 1826 cantilenas
1067 1778 1196 1826 siraritete
1249 1792 1252 1797 ·

93 1867 144 1916 que
165 1867 259 1904 canora
286 1854 358 1904 Voce
385 1870 475 1906 nemus
502 1857 627 1922 loquitar,
664 1854 1196 1918 solatur‚quopossitnonminusdulcihus

94 1928 265 1994 frondemque
274 1931 381 1981 virescit
392 1934 419 1981 in
429 1947 540 1983 omnem.
557 1934 627 1983 Viri·
665 1931 783 1990 modulis,
795 1946 872 1994 quam
887 1929 944 1980 fotu
955 1930 1070 1992 corporis
1081 1946 1131 1979 ava
1142 1931 1197 1980 aui-

94 2003 627 2068 busintautumseguisnaturamoretur!
665 2021 744 2056 mare.
779 2007 811 2055 ld
828 2006 896 2070 quod
917 2007 987 2070 aprrd
1006 2007 1078 2055 Pitb.
1096 2006 1197 2056 Auctor

94 2080 178 2144 Equo
189 2081 247 2132 loco
264 2082 409 2145 percipitur
425 2097 537 2147 quoque,
558 2084 626 2147 quod
665 2082 818 2130 Philomelae
835 2082 944 2145 pedibus
963 2082 1089 2130 devinxit.
1124 2083 1196 2131 Plut.

91 2154 148 2217 jam
159 2157 285 2219 sequitur.
665 2157 728 2205 item
740 2157 773 2206 de
788 2157 901 2206 Solertio
918 2156 1005 2205 Anim.
1022 2157 1127 2219 quaerit,
1138 2172 1196 2220 quas

127 2235 157 2280 85
183 2233 242 2280 rium
263 2234 367 2295 loquaces
388 2248 429 2281 ore
450 2247 521 2281 rauco
540 2237 628 2294 rtngrm
666 2232 763 2280 musica
773 2233 949 2293 lusciniarum,
963 2247 1021 2295 qua,
1034 2232 1197 2282 hirundinum

94 2309 166 2370 mgni
172 2307 345 2370 perstrepunt]
363 2309 439 2358 Quod
449 2311 627 2358 tamenevir·
666 2308 793 2357 industria
808 2308 877 2372 (scil.
895 2307 1034 2368 matutina)
1052 2309 1197 2370 comparari

95 2381 628 2446 gil-Emer.rs.4t8.ductumest‚‘1)ant
667 2384 757 2447 possit.
803 2383 939 2432 Adsonaut·
961 2391 1046 2432 autem
1075 2382 1115 2431 has
1136 2397 1197 2433 ares

95 2458 207 2506 sonitum
233 2458 304 2507 rauci
327 2473 374 2521 par
398 2467 492 2522 stagna
508 2462 628 2524 loquacia
667 2460 829 2522 prolectante
842 2474 921 2508 verno
933 2466 1023 2522 tepore
1039 2466 1065 2508 st
1082 2460 1196 2509 Venere.

96 2533 190 2596 cygni!
201 2533 378 2586 Ubi‘rancus'
389 2535 415 2582 in
425 2535 517 2584 honam
525 2544 627 2599 partem
667 2538 771 2591 Namet
779 2537 857 2585 Plato
865 2537 891 2585 ia
903 2535 994 2585 Plraed.
1005 2535 1198 2596 animadvertit,

96 2609 225 2671 accipitur
242 2609 321 2671 juxta
338 2610 414 2659 Serv.
434 2618 461 2659 et
479 2612 628 2675 explicetur
667 2627 740 2664 avem
754 2612 850 2660 nitllam
862 2625 1033 2673 cancamum
1045 2611 1137 2673 esurit,
1152 2617 1198 2659 aut

96 2697 198 2746 quoque
210 2686 335 2734 cCanrer.
346 2685 442 2747 Ὑπομν.
455 2688 521 2736 Dec.
530 2701 556 2737 v.
569 2703 628 2750 cap.
666 2686 754 2751 friget,
764 2688 846 2737 alioue
856 2688 977 2751 quopiam
987 2686 1085 2735 doloris
1101 2701 1199 2750 genere

97 2763 120 2813 l·
138 2759 181 2812 Da
199 2768 278 2810 cantu
297 2775 374 2824 perro
393 2777 534 2825 cycnorum
553 2763 628 2811 multi
667 2763 804 2822 adfinitum
822 2777 874 2812 nan
889 2765 972 2823 ipsam
988 2762 1131 2823 lusciniam,
1146 2777 1199 2811 nou

95 2837 188 2895 multu,
198 2837 350 2898 cumprimis
367 2837 479 2887 Gentilis
495 2837 628 2886 adeundus
667 2837 838 2895 lrirrmdiuem,
849 2851 899 2884 uon
912 2850 1033 2898 upupam,
1050 2851 1114 2899 quas
1126 2839 1199 2887 siunt

96 2917 125 2966 et
136 2911 280 2963 audiendus
291 2912 323 2959 ad
333 2912 426 2960 Bucol.
438 2912 512 2973 Virg.
534 2912 629 2962 Quem·
669 2925 724 2973 pras
744 2911 832 2959 dolore
849 2924 953 2960 canere.
981 2909 1026 2959 Ere
1038 2918 1099 2959 sunt
1110 2911 1199 2962 Philo·

96 2986 234 3037 admodum
260 2999 320 3034 vero
342 2985 443 3034 Auctor
467 2986 509 3035 hic
532 2993 629 3046 noster,
668 2988 744 3046 melu,
755 2985 871 3047 Progne,
883 2991 913 3033 et
923 2985 1031 3033 Tereus.
1051 2970 1217 3049 Dequibus'

96 3061 200 3127 quaudo
229 3059 372 3124 generatim
398 3074 458 3109 cum
485 3060 629 3121 Calpurnio
669 3060 838 3109 Psoubai.
856 3059 1199 3110 historicamreritutemex

96 3136 155 3186 Ecl.
167 3148 192 3184 v.
204 3133 382 3197 praemisisset,
399 3133 546 3196 ‘Incipient
559 3134 629 3198 quod
668 3136 725 3198 ipsa
746 3133 893 3186 fabularum
915 3134 1025 3197 caligine
1046 3148 1149 3194 eruens,
1171 3142 1200 3184 ct

97 3213 167 3263 Vere
179 3225 245 3259 noro
263 3209 357 3259 tinnire
372 3209 515 3271 volucres3'
530 3211 629 3272 specis·
669 3212 906 3274 mctamcrplmseas
927 3209 1054 3258 rationem
1072 3209 1198 3259 illustrius

99 3288 145 3336 tim
157 3300 278 3350 cycnum,
290 3292 319 3334 et
335 3284 499 3347 philomelam
516 3300 575 3333 cum
591 3300 630 3337 so·
670 3289 782 3339 reddens
807 3287 907 3346 scribit,
932 3287 1002 3351 quod
1029 3287 1200 3345 Terens,·cui

99 3377 158 3412 rore
170 3361 303 3414 subdidit:
321 3361 359 3409 itu
378 3360 478 3410 Auctor
495 3361 631 3411 carimde
669 3365 774 3426 Progne
785 3361 927 3412 Pandionis
941 3362 1102 3412 Athenarum
1120 3363 1199 3424 Regis

98 3440 169 3488 Vere
190 3437 242 3487 fine
261 3437 344 3486 libr.
363 3436 469 3486 Anthol.
506 3434 588 3494 Πάντη
609 3437 641 3502 δ’,
669 3437 724 3489 tilis
734 3437 826 3501 nuptui
837 3435 901 3486 data
908 3435 995 3487 lucrat
1005 3439 1121 3500 regnarit
1131 3438 1200 3487 Dou-

97 3513 189 3577 ὀρνίθων
198 3511 268 3573 γενεὴ
276 3510 407 3573 λνγύφωνοο
415 3509 492 3567 ἀείδει,
505 3510 630 3563 'Ambra
670 3512 722 3563 lide
732 3527 812 3576 supro
822 3513 998 3574 Charoneam,
1013 3519 1042 3560 et
1059 3520 1119 3576 post
1129 3512 1200 3562 odla-

97 3589 150 3652 aspi
164 3590 235 3649 κῦμα,
253 3589 373 3651 χελιδόνες
389 3586 448 3650 brol
458 3585 573 3651 μέλαθρα,
583 3587 631 3638 lir'·
671 3598 725 3639 tam
736 3588 886 3638 Philomela
900 3588 951 3638 viia
969 3594 996 3635 et
1007 3588 1172 3636 interemtum
1184 3603 1200 3637 e

98 3684 152 3717 usos
162 3666 200 3716 ἐπ’
210 3665 316 3727 ὄχθαισιν
325 3665 441 3726 ποταμοῦ,
451 3665 489 3712 cal
505 3663 632 3715 m’tum
671 3664 822 3715 mulieribus
833 3662 895 3724 Ityn
906 3662 956 3710 sihi
967 3675 1057 3708 manus
1073 3662 1201 3723 intulerit,
1233 3699 1237 3707 .

100 3741 183 3799 ᾄηδών.
218 3741 305 3801 Quod,
329 3741 469 3791 Vincentio
494 3740 632 3804 Opsopaso
671 3739 696 3787 iu
719 3738 828 3802 eiusque
851 3736 948 3786 turmula
971 3735 1080 3799 primum
1102 3735 1201 3799 Upupa

99 3823 290 3877 verumtaem,
308 3817 343 3865 Et
356 3818 423 3865 arado
438 3817 584 3868 dulcicanum
593 3833 631 3869 re·
672 3813 780 3863 riserit:
793 3811 912 3876 quodque
920 3812 1047 3870 mulieres,
1053 3824 1112 3859 cum
1120 3811 1202 3861 Athe·

99 3897 167 3943 tonet
180 3906 257 3953 gesur
274 3905 341 3941 umus
356 3892 485 3952 murrum,
497 3892 633 3955 Habueras
670 3905 716 3941 uss
733 3887 915 3951 commiscent,
930 3901 985 3950 prce
1003 3886 1074 3935 luctu
1092 3894 1121 3935 et
1139 3901 1201 3937 mte-

100 3970 189 4021 circuut
201 3968 307 4031 flumina
327 3981 400 4018 curso
417 3981 495 4026 cuge.
525 3967 632 4018 Gdrcutc
671 3981 738 4027 rore,
751 3964 837 4024 abes,
851 3977 907 4025 quie
922 3960 1201 4024 pass-fueraut‚cou.

100 4047 209 4095 lbrmcsie
223 4044 266 4094 rub
281 4044 351 4095 ouis
372 4045 453 4092 ceritut
468 4042 579 4105 timaeo,
600 4045 632 4095 Iu
671 4040 814 4093 tabuerint.
847 4037 923 4092 Uada
941 4035 1046 4098 uulgata
1057 4036 1090 4084 de
1101 4037 1133 4084 iis
1143 4035 1201 4086 fue·

99 4121 160 4186 ripis
170 4119 426 4184 cygnusctplrilcmela
436 4117 510 4168 rubis.
537 4118 631 4171 Nullus
670 4117 705 4166 rit
721 4114 820 4173 fabula,
840 4111 947 4160 alteram
966 4110 992 4158 in
1012 4110 1157 4172 lusciniam,
1173 4113 1200 4161 in

101 4199 143 4250 bic
164 4211 243 4249 coms
268 4194 481 4262 procrastinatur,
501 4200 547 4245 cut
572 4210 632 4261 quia¹
670 4188 831 4246 circumcis
850 4187 960 4240 alteram
978 4191 1114 4249 mutuum,
1131 4187 1201 4252 qimd
