2752 4694
152 330 218 396 772
505 343 625 406 suun.
650 343 776 392 nrvrur
801 343 907 393 uero

187 488 328 537 Carneade
347 489 412 548 Vere,
428 485 581 536 commotior
598 486 684 536 Persi·
720 485 770 535 illa
791 493 865 536 tenet
881 487 952 536 nullo
970 501 1049 549 regua
1067 487 1166 537 minora
1186 489 1255 541 Deo.

148 566 235 627 pilium
256 565 354 615 Veneris
367 564 468 626 dictam]
498 564 613 613 'litulum
630 565 682 613 Po·
718 561 835 626 iraque
847 562 893 611 dat
904 563 980 623 coelo,
991 572 1069 612 terrae
1081 570 1109 613 et
1120 565 1255 615 natalibus

151 641 241 690 &matii
252 641 327 704 bajus
338 639 407 704 quod
418 645 530 703 spectat,
540 637 617 687 iidem
625 638 682 702 jaus
719 637 803 698 undis,
821 638 927 702 Perque
948 653 1007 687 suos
1031 639 1109 688 initus
1135 641 1256 691 continet

148 716 250 765 laudati
260 716 327 776 Viri,
344 714 425 764 Aldus
441 716 581 777 Romanus,
593 721 621 763 et
633 715 682 765 lii.
719 726 794 762 omne
806 727 896 776 genus.
928 712 979 762 Illa
990 714 1062 762 Deos
1080 728 1168 763 omnes
1185 715 1255 779 (lon-

150 790 260 854 Gyrald.
273 791 344 854 Itali,
354 793 474 841 Erasmus
486 792 577 854 Belga,
585 798 613 840 et
623 791 680 841 Jos.
718 803 778 852 gum
790 796 831 839 est
842 788 1110 854 numerere)creavit:
1127 791 1178 840 Illa
1188 794 1255 843 satis

149 868 219 917 Scal.
237 868 322 929 Celta,
360 881 396 916 ou
424 880 497 916 vena
524 865 681 929 inscriptum
718 878 809 914 causas
819 866 1004 930 arboribusque
1013 867 1095 917 dedit.
1113 865 1166 917 Illa>
1174 869 1256 920 mdes

147 943 294 992 ostendere.
322 943 406 993 Quem
417 941 557 1007 (utrocat)
566 954 680 991 errorem
718 941 815 990 animos
825 941 955 990 bominum
966 943 1097 992 contraxit
1111 944 1136 992 in
1155 960 1254 997 unum:

146 1019 208 1068 inde
218 1023 308 1067 natum
319 1018 400 1068 Scriu.
410 1024 537 1079 autumat,
545 1016 615 1081 quod
623 1031 681 1066 uer·
718 1017 753 1068 Et
769 1017 857 1068 docuit
871 1019 949 1082 jungi
965 1034 1024 1069 cum
1042 1034 1105 1082 pare
1122 1036 1254 1086 quemque

146 1110 190 1144 sus
203 1095 366 1145 intercalaris
383 1093 510 1158 principio
528 1093 616 1144 statim
627 1107 679 1142 aon
718 1109 771 1145 sua.
805 1096 876 1148 Quid
893 1110 973 1160 mnus
992 1110 1068 1145 omne
1086 1105 1159 1148 creat
1180 1100 1254 1148 voln-

144 1171 279 1221 lectitatur
291 1176 369 1232 esset,
380 1171 426 1220 sed
437 1171 539 1219 initium
551 1171 679 1233 poematis
717 1184 799 1233 erum,
819 1171 868 1220 uisi
893 1172 990 1220 blanda
1024 1173 1162 1235 voluptas?
1192 1175 1253 1224 Nec

144 1247 217 1310 prius
230 1248 282 1297 tale
293 1246 395 1309 fuisset,
410 1247 483 1298 VER
491 1261 585 1308 uocum,
605 1247 679 1296 VER
717 1246 812 1296 cudant
826 1247 949 1310 pecudes,
967 1247 989 1296 si
1005 1247 1069 1295 levis
1081 1247 1150 1297 absit
1163 1249 1254 1300 Amor.

138 1325 326 1386 jamcoamum,
344 1324 426 1388 Vult,
440 1326 482 1386 do.
515 1324 583 1373 Nam
601 1324 623 1372 si
640 1324 681 1373 ita
716 1321 763 1375 Vis
790 1322 892 1385 eadem,
918 1324 973 1372 lato
1000 1322 1173 1389 quodcunque
1201 1327 1255 1376 sub

142 1406 265 1462 ponatur,
276 1407 303 1449 et
315 1401 554 1462 supernumerarius
562 1401 613 1450 iste
624 1400 679 1449 nni·
716 1411 821 1460 aeqnore
846 1399 920 1462 vivit,
945 1398 1058 1448 Servate
1081 1404 1110 1447 et
1134 1400 1252 1450 innume·

144 1475 409 1539 ousomittatur,tnm
421 1477 677 1526 Carmenboerecte
716 1472 751 1521 ris
768 1474 882 1537 piscibus
899 1475 992 1536 implet
1015 1475 1112 1538 aquas.'
1145 1476 1198 1524 Sed
1222 1484 1252 1527 er

143 1553 181 1603 ait
198 1557 319 1603 constare
336 1567 403 1604 1011.
422 1554 549 1617 versibus,
566 1555 606 1604 uti
621 1554 676 1619 qui·
714 1548 784 1598 idern
800 1551 863 1600 ibid.
881 1551 959 1600 ovid.
976 1551 1111 1601 uobiscum
1123 1551 1160 1600 ila
1176 1553 1249 1602 iilam

143 1631 204 1681 dem
215 1631 241 1680 in
253 1632 317 1682 Cod.
328 1632 408 1681 Salar.
420 1632 498 1682 scribi
508 1632 676 1696 oportuisset,
713 1627 823 1679 Veneris
839 1629 967 1692 Veri-uque
982 1629 1057 1678 litem
1077 1629 1183 1678 tandem
1203 1630 1250 1679 de·

142 1723 193 1756 nou
210 1722 272 1757 vero
287 1721 359 1756 xxu.
377 1721 426 1756 ceu
443 1708 562 1758 librarius
582 1709 675 1772 depra-
713 1703 788 1766 cidit,
811 1703 891 1753 ‘Nec
913 1705 1011 1753 Veneri
1034 1711 1145 1767 tempus,
1169 1720 1249 1768 qnam

141 1790 236 1833 vassei.
268 1783 508 1832 verumenimvero
522 1785 553 1834 P.
566 1784 635 1833 Pitb.
646 1790 674 1833 et
712 1782 777 1842 Ver,
788 1787 844 1829 erat
860 1779 948 1842 aptius
964 1780 1060 1828 ullum:
1079 1779 1148 1828 Vere
1161 1781 1249 1830 nitent

141 1860 168 1910 J.
179 1860 250 1922 Lips.
260 1858 316 1907 Viri
328 1858 553 1920 incomparabiles,
569 1873 603 1907 ex
614 1859 674 1908 sub·
712 1863 802 1918 terrre,
817 1857 888 1904 Vere
905 1856 1027 1905 remissus
1043 1870 1115 1918 ager.
1148 1858 1185 1906 Et
1195 1855 1249 1906 for-

140 1933 290 1996 soriptione,
318 1934 456 1981 Exeurcrr
478 1934 672 1984 Penvrerurusr
711 1947 783 1981 mosa
796 1933 885 1981 Venus
902 1930 1013 1981 formoso
1031 1937 1149 1995 tempore
1167 1932 1250 1995 digna

141 2012 274 2072 Veuuurs,
282 2009 387 2069 rectius,
398 2008 461 2058 illud
471 2023 521 2058 non
530 2016 583 2058 taur
590 2011 673 2071 Vnus,
711 2009 770 2059 est!
805 2009 894 2060 Quid?
912 2008 980 2073 quod
999 2008 1083 2071 ipsum
1102 2010 1246 2058 animorum

140 2101 217 2150 qaam
228 2086 338 2135 irenem
352 2085 430 2135 fuisse
442 2086 550 2149 dictum,
561 2087 673 2149 college·
710 2091 819 2146 motum,
836 2084 881 2148 qui
902 2083 933 2134 fir
955 2091 1088 2136 enatura
1110 2099 1158 2148 per
1178 2085 1247 2136 aeris

139 2167 209 2211 runt.
242 2162 293 2211 Sed
313 2177 391 2226 quum
410 2167 484 2212 tanta
501 2163 578 2211 Veris
593 2170 673 2227 atque
711 2163 873 2226 temperiem,
886 2161 1000 2210 dixerint
1015 2162 1156 2222 Venerem,
1173 2163 1246 2226 qnod

138 2237 249 2286 Veneris
257 2240 389 2302 reapsesit
398 2238 674 2303 necessitudo,quanta
710 2252 762 2287 non
778 2236 855 2287 modo
872 2237 929 2301 ipsa
945 2237 1039 2285 exinde
1056 2237 1180 2301 gignatur
1192 2238 1248 2288 Ve-

139 2328 231 2363 vocum
241 2329 344 2378 quoque
356 2321 396 2363 est
413 2314 540 2376 adfinitas,
557 2322 587 2363 nt
603 2315 671 2363 illius
710 2330 766 2376 nus,
782 2315 828 2365 sed
848 2322 877 2365 et
894 2315 981 2365 omnia
994 2315 1114 2365 animalia
1129 2315 1164 2363 ad
1182 2331 1245 2379 pro·

138 2388 233 2452 prioris
249 2402 342 2437 nomen
362 2404 376 2436 e
399 2389 537 2459 posteriori
555 2395 673 2438 coatrae·
710 2392 851 2453 creandum
862 2392 988 2455 impellat,
1006 2392 1069 2442 iude
1086 2407 1173 2441 rernm
1189 2408 1244 2442 om·

140 2472 195 2513 tum
207 2463 396 2528 suspicariquis
406 2464 504 2526 possit3
517 2477 592 2513 nemo
602 2479 672 2527 sane,
710 2467 780 2516 nium
803 2469 1005 2531 procreatricem
1027 2474 1156 2517 uocarunt
1178 2470 1245 2518 anti-

105 2602 107 2606 ,
138 2541 345 2602 meuscutentia,
362 2556 376 2588 a
395 2555 672 2604 veroscopoqueane-
710 2543 773 2606 qni:
800 2559 858 2592 curn
881 2544 927 2592 illa
949 2544 982 2593 sit
1004 2544 1138 2607 praecipue
1160 2546 1244 2594 Verni

137 2618 201 2666 toris
214 2617 378 2665 aberraturus
396 2623 473 2676 esset,
489 2617 532 2684 qui
545 2618 671 2668 Venonis
710 2618 834 2680 temperis
843 2618 999 2680 benignitas.
1018 2619 1243 2670 Quemadmodum

138 2691 242 2756 quidem
255 2692 447 2739 Pentroruuru
459 2698 487 2739 et
502 2690 595 2739 festam
607 2694 673 2741 cele·
709 2693 772 2742 Nat.
785 2693 888 2754 Comes,
899 2695 1010 2756 Mytbol.
1023 2694 1067 2744 lib.
1080 2709 1107 2743 v.
1119 2700 1191 2745 alt.
1209 2711 1243 2745 ex

137 2769 293 2830 brationenr,
319 2770 407 2818 Vanis
438 2775 525 2818 tamen
552 2770 672 2820 Venereo
708 2768 783 2817 initio
795 2768 872 2818 anr.
884 2776 912 2818 et
922 2770 1015 2833 Virgil.
1026 2771 1124 2833 Georg.
1137 2785 1169 2821 rr.
1183 2787 1242 2835 quae

139 2845 217 2907 plane
238 2853 365 2908 tempore,
391 2845 477 2910 Aprili
501 2851 572 2910 puta,
600 2847 672 2896 insti·
707 2845 767 2893 loca
793 2844 856 2894 alibi
882 2845 1050 2909 adducemus,
1069 2845 1244 2898 confirmavit.

137 2928 222 2972 tutam
234 2923 339 2985 dixerit,
351 2931 430 2990 atque
442 2924 478 2974 sic
486 2925 596 2988 junctim
608 2925 671 2975 utri·
709 2918 797 2986 Atque
816 2921 849 2969 ab
867 2923 915 2971 hac
935 2930 1023 2972 mente
1045 2938 1095 2972 nec
1117 2923 1243 2975 eblusiase

138 3012 188 3062 que
200 3007 380 3049 consecratum
391 3001 547 3063 praeconium
557 3000 670 3051 duxerit.
709 2996 784 3045 video
804 2997 928 3060 Lipsium,
947 3014 1025 3062 quum
1046 2999 1083 3049 ita
1104 3001 1242 3065 scriberet,

137 3072 253 3138 Antiqua
262 3089 372 3139 namque
382 3075 490 3137 regundi
498 3075 564 3123 illius
576 3076 670 3124 mensis
707 3070 714 3098 ‘
727 3073 767 3120 Ex
779 3074 858 3121 titulo
866 3088 917 3121 non
925 3074 1040 3137 ignotum
1050 3082 1241 3138 argumentum.

129 3139 317 3198 ¹controuersia
343 3150 406 3199 Veri
434 3151 582 3214 Venerique
609 3150 669 3214 fuit,
707 3149 835 3198 Laudatio
858 3150 927 3199 enim
950 3151 1061 3200 Veneris
1089 3150 1149 3214 fuir,
1172 3167 1240 3201 coru-

137 3239 214 3288 quam
231 3226 365 3275 Venereus
381 3227 430 3275 iste
447 3228 528 3275 Vates
540 3227 610 3279 Fast.
630 3241 668 3278 ιν.
707 3224 793 3286 posita
810 3225 882 3289 quasi
900 3240 948 3288 per
968 3227 1130 3276 occasionem
1150 3229 1242 3278 Pervi-

137 3301 235 3362 tetigit,
251 3316 266 3349 e
283 3317 334 3365 quo
352 3316 429 3350 unum
447 3310 475 3351 et
492 3303 601 3352 alterum
614 3319 669 3353 ver·
705 3300 775 3361 gilii’
793 3301 894 3364 (Verni,
905 3299 974 3364 scil.)
990 3301 1079 3365 ‘quod
1099 3309 1152 3351 tres
1170 3305 1240 3367 ipsas

137 3375 280 3438 sum,quod
292 3378 419 3438 preclare
431 3379 540 3427 Carmen
552 3391 671 3442 praesens
706 3384 796 3426 noctes
824 3377 850 3424 in
879 3377 1000 3427 honorem
1022 3378 1087 3427 Deae
1111 3380 1240 3442 agebunt!

135 3456 164 3500 et
175 3448 230 3512 ejus
244 3451 317 3513 quasi
334 3466 457 3501 summam
468 3456 667 3516 metaphrastice
706 3452 783 3501 Facit
793 3452 855 3500 illuc
867 3467 955 3502 versus
968 3454 994 3501 iu
1006 3454 1055 3503 boc
1068 3455 1187 3505 Carmine
1196 3461 1239 3506 42.

134 3525 209 3575 uobis
228 3527 378 3592 explanent,
398 3542 541 3592 excerpere
561 3545 611 3578 non
631 3533 668 3595 pi·
704 3529 782 3580 ‘Jaur
800 3528 883 3578 tribua
900 3529 992 3578 choros
1009 3529 1111 3578 videres
1129 3529 1239 3582 feriatos

132 3600 215 3667 'gebit
247 3605 326 3656 ‘Quo
348 3619 400 3654 non
418 3605 497 3655 Livor
510 3605 584 3656 abit?
601 3609 668 3658 Sunt
704 3602 853 3652 noctibusr’
879 3608 908 3652 et
937 3603 983 3652 illa
1009 3605 1099 3655 Plauti
1134 3607 1240 3658 Curcul.

133 3679 177 3744 qui
188 3679 236 3728 tibi
246 3681 470 3731 mensisbonorem
482 3683 614 3744 Eripuisse
624 3700 667 3733 ve·
704 3678 764 3728 Act.
774 3693 794 3727 1.
806 3693 840 3728 sc.
852 3683 876 3727 3.
886 3694 924 3728 vs.
936 3684 977 3731 25.
995 3681 1003 3709 ‘
1016 3681 1086 3732 Quid
1100 3689 1129 3731 tu
1140 3684 1240 3733 Veneri

131 3754 191 3816 lint,
201 3754 395 3821 invideantque,
405 3759 504 3807 Venus.
526 3759 667 3823 Namquia
703 3754 859 3818 pervigilare
888 3762 915 3804 te
944 3757 1037 3806 vovisti
1063 3757 1240 3808 Phaedrome?

132 3830 188 3887 Ver
209 3832 294 3894 aperit
316 3840 379 3882 tunc
400 3834 506 3882 omnia:
536 3834 665 3897 densaque
703 3831 770 3880 Nam
788 3831 836 3880 boe
856 3831 959 3895 quidem
983 3832 1052 3881 baud
1073 3834 1156 3882 multo
1178 3843 1239 3897 post

132 3905 206 3956 eedit
214 3907 327 3971 Frigoris
339 3909 464 3973 asperitas
472 3909 586 3974 fretaque
596 3915 666 3958 terra
701 3909 760 3957 luce
778 3908 894 3959 lucebit!
929 3911 965 3958 Et
983 3911 1047 3960 licet
1065 3911 1238 3974 pervigilandi

133 3983 218 4045 parit:
235 3983 356 4046 Aprilem
370 3992 513 4036 memorant
527 3986 559 4034 ab
571 3993 664 4049 aperto
701 3984 781 4033 bonos
802 3985 920 4047 uulgatus
943 3999 1047 4050 quoque
1072 3987 1099 4035 in
1126 3995 1238 4038 caeteros

132 4059 356 4123 temporedictum
366 4079 372 4110 ι
382 4061 665 4123 QuemVennsinjecta
701 4059 780 4118 Deos,
799 4067 827 4108 ut
843 4060 1033 4109 anniversarius
1049 4062 1092 4110 ille
1109 4063 1236 4114 Fortunae

132 4132 420 4185 vindicatalmamanu.
455 4135 664 4201 Illoquidemto·
699 4134 769 4197 apud
786 4136 892 4184 Sueten.
911 4134 999 4184 Galba
1013 4151 1071 4201 cap.
1084 4142 1107 4186 4.
1132 4139 1236 4188 Cereris

133 4212 188 4256 tum
217 4210 363 4271 dignissima
393 4218 523 4274 temperat
551 4226 662 4262 anuum:
701 4210 768 4272 apud
787 4212 868 4261 Tacit.
885 4211 976 4274 Priapi
997 4213 1067 4276 apud
1087 4213 1235 4277 Arbitrum,
