2752 4694
132 314 198 388 550
383 334 513 385 tonsu.
536 333 662 385 enirn
686 293 989 384 oonnnnnsutno

131 480 191 543 uiis,
211 492 279 529 nnuc
296 476 446 540 abhorrens,
457 482 485 528 et
495 477 665 541 inconditum,
703 479 739 529 ta.
771 477 813 527 Sic
832 478 915 528 Lucil.
935 477 1003 541 apud
1023 475 1092 526 Non.
1111 474 1138 524 in
1156 474 1235 523 verbo

132 557 157 604 si
177 553 334 603 referatnsz’
361 558 390 603 et
412 554 446 606 Q.
466 552 540 605 Curt.
560 552 607 603 lib.
625 567 665 604 vr.
702 552 833 618 ‘Balga'
874 553 952 602 ‘Cui
977 564 1063 615 neque
1088 550 1235 614 jumentum

133 629 248 679 ‘Turbae
267 629 363 694 qnippe
381 628 493 692 captive
512 626 665 678 feminarum
702 635 754 694 est,
773 644 823 681 uec
842 644 940 693 servos,
959 644 1009 679 nec
1032 641 1119 678 comcs
1143 624 1237 682 nllus?

130 704 292 770 jubebantur
308 719 356 754 suo
372 704 425 752 ritu
441 716 537 752 canere
552 702 666 754 incundi·
703 710 731 755 et
749 706 815 756 Cato
827 705 895 769 apud
908 705 977 756 (leil.
992 705 1036 754 lib.
1048 716 1112 754 xrn.
1124 717 1182 766 cap.
1194 705 1237 750 Ὦ.

133 789 200 840 tum,
209 787 237 831 et
249 779 390 830 abhorrens
405 779 549 844 peregrinis
563 781 667 831 auribus
703 785 712 812 ⁴
726 783 819 848 Neque
838 783 899 831 mihi
920 780 1069 844 edificatio,
1086 792 1172 844 neque
1192 793 1240 826 va·

136 857 258 908 cannen!
703 871 770 922 sum,
781 871 865 922 neque
875 856 1057 906 vestimentum
1065 856 1147 905 ullum
1157 858 1201 904 est
1213 854 1240 901 in

168 937 200 982 lt
217 931 271 991 ,Hoc
282 931 340 996 quill
352 937 463 996 potemus
473 931 532 995 esse]
549 930 668 982 Adeone
704 944 782 983 mann
794 932 945 996 pretiosum,
953 944 1036 996 neque
1045 929 1175 995 pretiosus
1186 942 1240 977 ser·

135 1021 291 1073 quemquam
310 1007 361 1056 sibi
379 1009 494 1071 placere,
505 1014 533 1056 ct
549 1007 579 1056 iis
596 1021 669 1057 orna·
705 1022 763 1072 vus,
771 1021 855 1073 neque
867 1008 969 1059 ancilla.
1000 1008 1028 1057 si
1046 1007 1109 1072 qnid
1127 1012 1176 1068 cst,
1187 1020 1240 1070 quo

135 1084 229 1135 urentis
240 1082 429 1146 indignissimos
440 1097 527 1132 versus
539 1082 669 1132 adficere?
706 1090 776 1146 utar,
790 1091 866 1133 utor:
884 1083 907 1133 si
922 1097 973 1133 uon
992 1089 1044 1144 est,
1060 1096 1110 1146 ego
1122 1096 1187 1145 snm,
1198 1082 1241 1131 cni

138 1170 141 1177 '
171 1160 568 1224 mimnermonisque
584 1161 670 1210 hocce
707 1168 756 1224 per
765 1173 807 1209 me
818 1159 856 1208 uti
868 1172 898 1210 ac
908 1156 959 1208 frui
972 1157 1049 1207 licet!
1075 1158 1141 1206 Erat
1151 1162 1241 1205 autern

137 1237 230 1287 triatius
240 1236 451 1301 ridehutar,1‹lem
460 1237 555 1303 inficeto
570 1241 606 1285 est
615 1236 670 1302 inst·
708 1236 734 1284 ln
745 1234 937 1299 manuscriptis,
953 1233 1024 1298 Fari,
1034 1233 1072 1283 cai
1085 1245 1159 1296 saepae
1167 1245 1244 1293 mco,

136 1314 211 1362 oetior
235 1328 307 1362 rare:
335 1313 415 1362 Simu
438 1313 547 1377 paimolo
573 1312 671 1375 attigit]
707 1325 781 1374 sepse
798 1325 872 1359 noo:
887 1308 956 1373 qnod
975 1309 1101 1372 scripturn
1117 1306 1243 1358 fortene*

136 1388 227 1441 ‘Quid
243 1390 292 1439 hoc
311 1396 431 1454 putemus
446 1388 531 1439 essel'
547 1389 630 1441 Quasi
644 1388 671 1437 id
709 1387 759 1438 teri
771 1387 798 1436 in
808 1387 875 1436 libro
885 1384 987 1447 fuisset,
996 1399 1073 1434 ternos
1084 1389 1127 1435 est.

140 1470 193 1524 cat,
206 1464 247 1514 An
259 1479 311 1514 nou
322 1465 477 1526 mirandum,
486 1479 555 1528 eum,
565 1463 610 1528 qni
625 1477 671 1512 nn·
742 1462 826 1526 Nepae
836 1461 903 1526 nuo]
926 1462 1038 1512 Titinius
1049 1463 1120 1527 apud
1135 1462 1243 1513 Festum

140 1554 189 1604 per
199 1553 288 1589 scurra
304 1546 332 1589 et
350 1538 460 1589 ridicula
470 1538 552 1587 rnnlta
562 1538 672 1596 diceret,
710 1538 737 1587 in
759 1536 839 1587 verbo
860 1537 1030 1600 ‘succerda,'
1052 1537 1140 1591 ‘Quid
1162 1537 1244 1587 habes

141 1621 194 1665 tarn
206 1613 325 1665 inficetos
335 1629 426 1664 versus
442 1612 548 1665 facere?
569 1613 601 1681 In
618 1628 673 1662 ma·
710 1614 759 1664 uisi
770 1627 847 1664 nnarn
865 1628 952 1664 arcam
963 1613 1018 1663 siue
1029 1613 1116 1664 clavi?
1132 1626 1164 1665 eo
1182 1627 1245 1663 con-

140 1691 281 1754 nascriptis
298 1696 385 1740 autern
402 1689 520 1740 omnibns
535 1695 604 1751 erat,
619 1688 675 1738 tris·
711 1686 751 1739 ‹lis
763 1688 921 1740 succerdas?

142 1766 199 1827 tias,
215 1765 367 1829 nontritina
382 1764 513 1815 hoceninr
529 1770 590 1829 post
605 1763 675 1813 fece·
712 1799 713 1803 ,
743 1767 916 1816 tDentesoel
931 1765 1129 1816 siticemcomeese
1139 1764 1247 1831 possent]

142 1848 204 1890 runt
220 1841 365 1905 Pontanns,
386 1842 490 1904 aliique,
500 1839 570 1905 quod
592 1840 675 1903 ipsum
713 1830 935 1903 ‘comessefnon
946 1842 954 1869 ‘
966 1840 1129 1902 comedere‚'
1141 1839 1198 1890 iere
1210 1840 1250 1889 di·

141 1916 242 1978 placet,
260 1922 288 1964 nt
306 1917 396 1965 tritum
413 1928 527 1964 scurram
544 1913 678 1976 sicilicet,
714 1916 818 1968 cebant·
850 1916 993 1967 Favorinus
1002 1917 1071 1980 apud
1080 1916 1149 1969 Geli.
1160 1916 1194 1966 de
1206 1928 1250 1966 ce·

143 1994 175 2038 ut
187 1988 323 2038 Demosth.
334 1987 478 2038 AEechiuem
488 1986 625 2050 sepirpucsu
634 1990 678 2046 τῆς
714 2003 750 2040 na
762 1991 844 2053 lauta,
861 1989 932 2043 ‘Qui
948 1997 1047 2055 negant
1066 1991 1144 2040 ullam
1163 2006 1250 2052 avem,

144 2064 241 2129 ἀγορᾶς,
252 2063 498 2126 Callidnmscilicet,
508 2069 537 2113 et
547 2070 678 2113 versatum
714 2071 813 2129 praeter
824 2065 985 2129 Fioadniam,
997 2072 1078 2116 totatn
1090 2080 1206 2117 comesse
1221 2081 1251 2116 o-

145 2141 190 2190 din
201 2143 227 2190 in
239 2149 271 2189 eo
282 2152 385 2204 genere.
418 2138 476 2188 Nisi
492 2138 596 2200 tristius,
606 2137 678 2188 uilio·
715 2139 838 2205 porteto:

115 2268 117 2272 μ
145 2215 198 2264 sius
211 2215 267 2280 quis
278 2213 444 2278 interpretari
453 2213 535 2264 malit.
568 2212 678 2264 Poima·
749 2217 828 2266 5Est
837 2215 935 2281 polein·
952 2215 1000 2266 tihi
1015 2233 1068 2268 mm
1084 2222 1125 2269 tao
1138 2221 1253 2284 pescate]

147 2300 175 2340 ta
185 2305 248 2341 vero
264 2290 405 2354 attingere,
414 2290 441 2340 itl
453 2296 502 2354 est,
512 2288 617 2354 poetica
627 2296 680 2338 stn·
716 2289 791 2341 Idero
817 2300 886 2356 post,
907 2293 1041 2344 ‘Pulchre
1061 2295 1185 2345 convenit
1204 2295 1250 2346 isn-

147 2367 191 2416 dia
208 2368 295 2416 coiere
315 2380 345 2415 ac
362 2371 486 2429 tractare,
502 2367 541 2415 sic
557 2365 635 2427 dixit,
649 2368 679 2413 nt
717 2366 806 2430 probis
816 2367 938 2419 cinaedis?

148 2448 177 2492 et
189 2443 346 2506 Ciuilemp.
364 2441 532 2504 ‘attingere'⁴
560 2443 597 2491 Et
615 2441 680 2490 Sne·
749 2446 766 2490 o
783 2443 818 2490 Et
838 2457 892 2492 um
912 2442 1011 2506 costinge
1031 2445 1112 2508 ligneo
1131 2443 1253 2511 parentis]

148 2524 204 2566 ton.
224 2518 251 2566 in
268 2517 401 2586 Caligula,
417 2517 425 2545 ‘
442 2515 565 2566 Militiam
587 2529 680 2581 resque
716 2513 873 2580 ‘ligneam'
884 2517 960 2581 dicit,
979 2521 1121 2571 ‘tennemss'
1155 2521 1254 2572 Admo-

148 2591 253 2640 bellicas
263 2591 344 2639 semel
355 2588 461 2653 attigit?
717 2591 787 2641 nitus
805 2606 859 2642 snm
876 2607 892 2642 a
906 2594 999 2645 Fulvio
1018 2597 1115 2648 Ursino
1133 2611 1203 2662 tneo,
1214 2600 1254 2650 sic

184 2671 214 2715 15
232 2667 315 2728 Neque
339 2666 402 2716 idem
422 2680 526 2728 nnpsom
545 2668 620 2731 AEque
646 2673 683 2717 est
718 2667 840 2718 ‘tennes’
861 2669 940 2719 etiarn
964 2670 1065 2721 Grecis
1085 2672 1154 2723 dici:
1182 2676 1255 2738 apud

150 2741 242 2804 lautus]
267 2735 419 2804 Cojnsnsodi
438 2741 495 2792 fere
516 2753 577 2793 snut
594 2757 682 2793 omnes
719 2743 875 2796 Athenaenm
892 2747 961 2796 enirn
972 2748 1073 2810 legerat
1090 2748 1209 2800 Alexidis
1229 2751 1259 2799 il·

149 2814 345 2879 aowoctlrusrot.
720 2821 951 2886 lud,'Axpohlrrupoi,
966 2823 996 2872 ul
1007 2822 1026 2872 δ’
1038 2822 1100 2874 ἄλλο
1111 2828 1180 2886 σῶμα
1197 2825 1257 2876 ἀπό-

184 2899 216 2943 16
233 2892 361 2957 Ασροὲηια
371 2908 424 2947 enm
432 2893 530 2958 mtto]
550 2897 615 2946 cnm
628 2909 684 2946 ver·
720 2898 798 2956 ξυλον.
831 2898 919 2948 Graeci
938 2898 1031 2948 eodem
1047 2900 1259 2965 modogracilos,

152 2969 279 3020 susfacit.
313 2970 369 3020 Cic.
384 2970 409 3019 in
423 2971 554 3034 Pisonem,
569 2971 685 3021 ‘Polima
722 2987 753 3021 ac
776 2972 928 3022 macilentos
951 2972 1079 3030 καννόβονς
1100 2983 1213 3039 vocant3
1243 2990 1259 3026 a

150 3062 231 3111 porro
247 3047 314 3098 facit
332 3047 370 3097 ita
385 3045 517 3108 festivum,
527 3048 566 3097 ita
582 3048 685 3097 concin·
722 3048 793 3110 ligno
809 3047 919 3111 scilicet,
931 3050 963 3098 ad
981 3051 1050 3114 qnod
1063 3058 1145 3102 certae
1156 3052 1260 3116 tingan-

150 3134 222 3184 ourn,
231 3124 268 3172 ita
279 3123 394 3186 elegans,
406 3122 468 3171 nihil
486 3129 516 3172 ut
530 3121 588 3172 fieri
603 3123 685 3187 possit
723 3127 767 3171 tur
775 3121 908 3184 imagines.
940 3124 1046 3175 Lucret.
1056 3125 1102 3176 lib.
1113 3140 1153 3176 rv.
1170 3128 1260 3177 ‘Ner-

152 3198 287 3260 argutius!
724 3209 785 3245 vona
794 3204 820 3245 et
829 3196 917 3259 lignea
927 3198 1051 3248 Dorcas?
1066 3200 1177 3253 Terent.
1188 3204 1197 3233 ‘
1209 3205 1273 3253 Pus·

187 3274 217 3318 17
236 3273 293 3319 lom
309 3272 400 3331 goulet
423 3272 451 3320 io
472 3270 509 3332 se]
537 3272 632 3322 Horat.
654 3285 686 3322 ιι.
724 3271 788 3320 ellas
806 3281 928 3322 curatura
942 3273 1051 3337 junceus
1068 3276 1162 3342 reddi,'
1182 3277 1262 3343 dixit,

155 3344 241 3406 Epist.
256 3343 290 3393 ad
308 3345 413 3392 Florum
425 3345 458 3392 de
475 3344 567 3394 eodem
585 3360 688 3409 genere,
725 3343 752 3393 id
764 3353 813 3408 est,
824 3352 926 3397 tenues.
1173 3384 1177 3388 -

156 3417 298 3466 ‘Gaudent
308 3416 463 3479 scribentes,
480 3423 508 3466 et
524 3432 552 3468 se
563 3433 689 3471 venerati·
758 3422 773 3470 l
793 3421 842 3472 Nec
856 3422 955 3488 animm]
978 3424 1077 3476 Eodem
1096 3427 1176 3479 modo
1190 3438 1265 3495 post,

155 3490 365 3554 toramantquess
726 3495 803 3545 ‘Nec
814 3497 906 3549 rnirnrn
916 3502 1023 3550 macule
1034 3515 1112 3566 pares
1124 3505 1265 3570 utrisque!

190 3571 222 3615 18
239 3567 306 3616 Idem
316 3565 522 3630 omaesfollimur]
541 3566 691 3621 Accusativi
726 3563 871 3635 Utrumque
883 3573 951 3622 enim
962 3574 1063 3627 Poima
1074 3575 1167 3630 eodem
1177 3593 1266 3631 versa-

157 3644 250 3708 iigura‚
268 3642 346 3706 idque
367 3656 440 3691 more
461 3643 630 3707 Greeornm3
647 3648 690 3699 vel
728 3644 806 3693 turin
817 3660 923 3708 genere.

158 3721 193 3770 sit
204 3718 307 3780 ἔλλειψις
317 3716 359 3765 τοῦ
370 3716 441 3768 κατά.
759 3723 775 3766 8
792 3719 894 3771 Pulchre
902 3725 1057 3789 concoquita'a]
1079 3727 1112 3778 Id
1124 3735 1177 3795 est,
1187 3731 1267 3786 bene.

290 3843 442 3896 CARMEN
462 3842 569 3896 xxm·
729 3791 794 3842 Cato
811 3795 843 3843 da
861 3797 900 3845 Re
917 3799 992 3850 Rust.
1009 3802 1150 3855 ‘Farinam
1163 3807 1189 3856 in
1201 3821 1269 3858 rnor-

729 3869 824 3918 tarinm
834 3870 1012 3938 inlitusque
1025 3879 1152 3940 paulatim
1164 3870 1267 3947 addito,

194 3950 208 3994 1
235 3945 304 4007 Furi,
328 3943 369 3992 eni
390 3956 463 4005 neque
485 3956 565 3990 sertus
585 3948 630 4003 eat,
651 3958 691 3994 ne·
729 3942 892 4008 subigitoque
910 3949 1034 4008 pulchre:
1051 3952 1096 4001 nbi
1108 3954 1177 4006 hene
1190 3958 1269 4010 sube-

162 4036 205 4082 (με
225 4022 292 4085 orco]
317 4020 392 4069 ldenr
410 4024 477 4082 post,
493 4017 569 4080 ‘lstl‚
589 4020 631 4067 cni
648 4034 692 4070 ne·
730 4019 807 4081 geris,
826 4019 960 4085 defingito.
997 4026 1111 4078 Pulchra
1129 4033 1270 4101 concoqui·

164 4107 213 4154 que
230 4101 437 4158 servusestfflec
453 4091 532 4142 arca!
565 4092 632 4143 linc
649 4111 693 4145 sn·
731 4092 763 4143 tis
775 4095 789 4140 ε’
807 4095 892 4144 cibum
912 4099 1022 4152 scilicet.
1055 4106 1141 4156 Varro
1163 4109 1212 4163 lib.
1227 4124 1270 4164 nr.

164 4173 218 4214 teni
237 4169 320 4219 omnia
335 4176 395 4220 sunt
413 4168 538 4233 egestatis
560 4182 694 4233 argumen·
731 4169 764 4219 (lc
783 4171 821 4221 Re
840 4173 915 4232 Boot,
932 4176 996 4228 ‘Bia
1015 4179 1059 4232 die
1082 4182 1172 4238 cibum
1198 4185 1270 4252 daut,
