2752 4694
151 306 216 380 716
498 331 580 381 nou.
603 328 699 383 ririr
720 325 835 384 runt.
860 330 900 382 rr.

150 472 303 522 animalibus
316 473 390 523 utilia
405 473 543 536 pharmaca
561 490 677 540 persaepe
718 477 792 543 uubis
804 479 908 542 pagina,
921 477 973 526 viia
986 475 1067 539 proba
1079 475 1137 528 est?
1164 472 1252 529 Anido

149 547 678 615 conficiunt,etqnodoptimumsit,seeer·
717 551 774 600 ulus
790 564 891 617 quoque
906 553 947 600 vir
966 550 1122 615 Consularis,
1138 561 1165 603 et
1183 556 1251 604 auti⁴

147 632 214 673 uuut
224 639 239 673 e
249 624 365 687 singuiis,
375 639 406 674 ac
417 626 457 675 vei
473 627 607 690 insigniter
618 642 677 691 per·
716 639 823 690 quorum
833 641 931 676 morum
944 627 1085 692 priscasque
1098 631 1252 693 gravitatis,

147 701 246 751 uiciosa
266 708 528 765 temperamentorum
548 704 676 754 beneficio
717 702 830 756 ucDivi
847 702 951 751 Paulini
971 703 1085 752 amicitia
1106 704 1132 752 in
1156 705 1250 766 primis

146 775 250 825 sanitati
271 790 394 840 perquam
411 778 542 828 commoda
553 778 674 830 reddunt.
716 777 809 834 cirrus,
832 777 869 825 ait
895 777 922 825 iu
949 778 1055 826 eandem
1081 779 1251 842 sententiam,

147 851 298 903 Quinetiam
310 852 389 902 virtus
400 854 481 916 magis
493 853 575 903 adbuc
588 856 675 905 elucet
715 855 912 904 ‘Nostrasimul
920 861 1023 905 certant
1031 855 1108 904 variis
1117 856 1248 918 epigram-

146 940 161 976 e
183 927 304 995 vitiorum
326 929 402 991 quasi
424 928 538 978 tenebris
559 930 678 979 evolutas
715 936 783 978 mata
798 929 883 992 nugis:
899 930 1001 978 Stoicus
1018 930 1064 978 has
1081 936 1182 992 partes,
1201 931 1248 978 iras

145 1002 213 1052 unde
224 1002 322 1053 factum
334 1002 413 1053 titisse
422 1017 490 1066 reor,
500 1010 529 1052 ut
538 1005 675 1066 Homerus,
714 996 842 1067 Epicurus
860 1004 925 1066 agit.
952 1004 1029 1052 Salva
1048 1003 1110 1051 mibi
1127 1010 1248 1053 aetenam

146 1079 188 1144 qui
207 1079 360 1143 prudentem
374 1085 452 1144 atque
464 1080 581 1130 omuibus
593 1081 674 1130 rirtn-
714 1085 818 1128 maneat
834 1079 909 1128 modo
928 1079 1017 1140 regula
1033 1092 1141 1139 morum,
1159 1079 1249 1126 Ludat

43 1160 47 1180 ¹
145 1155 213 1204 tibus
233 1161 418 1217 exaggeratum
437 1156 557 1218 Ulyssem
577 1155 674 1219 fingere
715 1155 846 1218 permissis
857 1153 942 1202 sobria
953 1154 1029 1202 Mursa
1045 1152 1133 1214 jocis’
1167 1153 1248 1203 Quod

118 1274 122 1283 .
144 1231 291 1294 volutabit
310 1239 338 1280 ct
356 1231 496 1281 Phaeacum
517 1231 629 1296 delitias,
648 1239 675 1281 et
715 1237 895 1296 argumentum
912 1230 1028 1294 pluribus
1046 1229 1141 1279 deinde
1160 1243 1248 1292 prose·

145 1305 557 1370 Cyrcesdelinimentaobjecerit.
575 1309 674 1357 Memo·
716 1308 804 1371 quitur
826 1307 936 1369 epistula
961 1305 994 1353 ad
1015 1305 1162 1367 Paulinum,
1186 1319 1246 1353 cnm
1315 1311 1318 1313 ’

144 1387 203 1427 rant
229 1380 332 1443 Psyllos
353 1382 380 1430 in
403 1381 501 1445 Africa,
522 1384 624 1431 Marsos
646 1383 673 1430 in
714 1384 831 1432 Centone
849 1382 960 1445 niiptiali
979 1380 1133 1443 conjuncta:
1160 1394 1247 1443 neque

124 1452 126 1457 ’
143 1453 268 1512 Italia‚et
279 1456 323 1518 qni
333 1455 500 1518 Ophiogenes
510 1464 635 1506 vocantur
646 1457 673 1505 iu
713 1472 763 1507 nou
781 1459 844 1506 item
863 1459 893 1506 L.
912 1456 1037 1518 Apuleius
1055 1456 1185 1519 Apologia
1198 1470 1248 1518 pro

143 1529 228 1577 insula
250 1530 347 1593 Cypro,
369 1545 427 1581 curn
456 1532 560 1595 quidam
583 1548 672 1582 eorum
713 1534 808 1596 seipso
827 1534 921 1596 priore.
956 1531 996 1581 Ac
1014 1534 1104 1602 notum
1121 1538 1163 1580 est
1180 1531 1247 1579 illud

143 1604 306 1656 arbitrantur
318 1602 479 1671 suppositum
491 1623 548 1658 esse
560 1611 670 1674 aliquem
713 1610 748 1660 l).
756 1609 865 1658 Adriani
875 1610 901 1657 in
910 1608 1052 1657 Voconium
1064 1620 1149 1671 suoru,
1166 1607 1246 1655 ‘Las-

140 1680 167 1730 iu
188 1680 280 1745 stirpe,
301 1682 439 1733 admovere
458 1687 621 1734 consuevisse
642 1692 672 1734 ut
712 1687 784 1736 cirus
807 1700 892 1747 versu,
914 1689 999 1733 mente
1027 1682 1137 1745 pudicus
1168 1681 1245 1730 eras!

142 1763 242 1819 pungat
252 1758 374 1819 colobra;
386 1760 407 1806 si
418 1760 670 1823 nonsit,mori,cunr
710 1762 839 1825 Denique,
851 1761 872 1808 si
888 1760 950 1824 quid
968 1758 1042 1808 bouis
1061 1757 1176 1806 moribus
1193 1771 1245 1806 nou

140 1832 291 1896 pupugerit,
302 1832 323 1879 si
334 1833 455 1895 degente
465 1834 619 1896 sit,vivere;
632 1843 670 1884 at·
711 1843 914 1886 consentaneum
926 1834 1031 1897 scripsit
1040 1833 1168 1894 Catullus,
1179 1833 1245 1882 illud

140 1918 190 1968 que
209 1905 359 1967 Exagonem
376 1907 503 1970 quendam
523 1923 555 1957 ex
575 1908 671 1959 familia
711 1917 784 1961 certe
800 1911 860 1959 mibi
881 1925 932 1959 nou
953 1910 1069 1972 scripsit,
1086 1908 1129 1972 qui
1150 1909 1183 1956 ab
1204 1922 1245 1971 eo,

143 1979 334 2051 Qpbiogenum,
351 1997 408 2031 curn
427 1984 514 2032 Romae
525 1983 605 2046 iegati
616 1999 670 2033 mu·
711 1993 860 2052 tauquam-a
877 1986 992 2049 scopulo,
1009 1984 1149 2046 diligenter
1167 1998 1244 2034 cave·

141 2069 205 2106 nere
232 2055 395 2121 fungeretur,
418 2073 433 2106 a
462 2059 615 2108 Consulibus
644 2060 670 2108 in
711 2061 753 2111 bo.
788 2061 826 2110 Ac
845 2062 952 2123 pulelrrs
970 2059 1073 2123 quidem
1091 2058 1200 2121 accidit,
1213 2068 1245 2111 ut

139 2132 235 2183 dolium
244 2135 403 2198 serpentium
412 2136 560 2199 conjectum
570 2139 672 2200 experi·
709 2136 855 2200 hujusmodi
873 2135 1002 2199 primatia
1020 2135 1064 2182 ille
1086 2134 1245 2198 confecerit,

140 2208 221 2258 menti
232 2223 332 2272 caussa,
341 2210 614 2275 circummuigentibus
623 2214 671 2261 liu·
709 2224 766 2277 quas
787 2212 883 2260 nullam
905 2216 1058 2273 perpetuam
1081 2210 1176 2258 seriem
1196 2212 1243 2260 lra-

138 2287 196 2350 guis
214 2288 366 2338 miraculum
384 2288 534 2353 prebuisse.
572 2293 668 2355 Hujus·
709 2280 798 2349 mant,
818 2287 864 2336 sed
884 2287 998 2335 interae
1021 2285 1097 2342 yaide
1117 2287 1170 2336 siut
1188 2287 1243 2336 dis·

138 2362 241 2411 cemodi
258 2364 374 2426 pericula
391 2372 470 2429 atque
481 2368 669 2429 experimenta,
705 2365 798 2428 jiructa
810 2377 841 2412 ac
851 2367 980 2429 separata,
991 2366 1020 2410 ut
1030 2361 1079 2409 hoc
1088 2361 1194 2425 eligere,
1207 2363 1243 2412 ab

138 2437 210 2501 reiut
220 2437 287 2500 lapis
305 2438 400 2501 Lydius
418 2452 518 2500 aarum,
535 2441 571 2489 ita
587 2442 669 2491 solida
707 2440 751 2488 ilio
766 2438 898 2488 abstinere
915 2450 990 2502 quam
1007 2436 1129 2485 facillime
1149 2439 1241 2488 liceat.

137 2512 235 2562 virtute
252 2514 420 2577 praeditorum
440 2517 553 2566 virorum
570 2519 668 2569 animos
708 2517 802 2579 Neque
824 2529 886 2564 vcro
907 2528 955 2577 par
974 2519 1025 2574 est,
1045 2519 1075 2562 ut
1096 2528 1241 2576 paucorum

137 2589 317 2641 indubitanter
327 2595 474 2654 explorant,
496 2596 547 2644 Sed
561 2597 666 2660 nas‚'fu.
708 2592 801 2654 gratia,
815 2596 868 2639 tarn
878 2590 955 2638 belias
967 2590 1121 2652 scriptiones
1132 2591 1241 2653 penitus

138 2670 197 2714 cato
215 2665 324 2729 quodam
344 2668 447 2716 virtutis
466 2671 553 2719 colore
571 2672 667 2721 leviter
707 2667 877 2730 abjiciantur3
898 2664 1023 2729 quomodo
1045 2679 1093 2714 nec
1110 2680 1241 2716 messores

139 2740 247 2804 aspersi,
258 2755 359 2791 caussas
376 2744 490 2808 undique
510 2762 666 2810 aucupamur
705 2731 808 2806 quidem
818 2740 960 2803 manipulos
970 2753 1057 2789 omues
1065 2741 1183 2802 protinus
1193 2743 1239 2791 ab·

137 2823 251 2866 nostram
261 2820 361 2882 culpam
373 2821 398 2867 iu
407 2821 469 2870 alios
479 2822 627 2885 derivandi3
638 2831 667 2874 et
701 2816 807 2880 ficiunt,
816 2821 955 2878 propterea
964 2816 1030 2879 (iuml
1040 2831 1131 2878 arena,
1138 2819 1239 2882 lolium,

136 2893 256 2943 consulto
267 2895 390 2958 quasdam
403 2898 524 2962 rationes,
533 2915 590 2964 quae
600 2902 666 2950 veri·
707 2901 784 2957 tique
796 2893 846 2940 &iifl
863 2891 1039 2964 huju⁵90m⁰dl
1056 2890 1159 2954 frugum
1172 2894 1239 2942 titi&

137 2969 198 3018 tatis
208 2970 293 3018 levem
305 2970 380 3020 modo
391 2972 503 3035 speciem
515 2982 594 3038 arque
605 2976 666 3025 ima.
706 2968 784 3031 spicis
796 2967 906 3016 admista
916 2966 982 3015 sint:
1001 2966 1096 3030 alioqui
1115 2981 1165 3016 uec
1185 2970 1238 3017 Lu·

136 3044 222 3108 giuem
235 3060 288 3108 prae
304 3060 332 3095 se
350 3046 448 3109 ferunt,
465 3049 502 3098 ita
519 3052 666 3113 complecti.
706 3045 802 3094 cretius
812 3045 954 3106 legeretur,
969 3056 1017 3091 nec
1035 3043 1170 3101 Horatius,
1187 3058 1240 3095 uec

136 3134 203 3183 mur,
213 3127 243 3169 ut
255 3118 287 3169 ab
299 3121 336 3170 eis
347 3124 418 3170 nullo
431 3131 507 3186 pacto
518 3139 565 3174 nos
577 3125 665 3175 divelli
707 3122 827 3184 Ovidius,
837 3135 887 3170 nec
898 3120 1037 3183 Martialis,
1051 3134 1100 3169 nec
1112 3120 1179 3169 ullus
1191 3123 1238 3170 de·

135 3195 273 3259 patiamur.
308 3197 424 3245 Catullus
441 3206 527 3248 tanreu
539 3200 605 3249 banc
618 3200 664 3251 fal·
699 3199 783 3262 nique
795 3196 885 3259 poeta,
902 3196 945 3259 qni
962 3195 1085 3243 hactenus
1097 3210 1197 3245 summo
1209 3197 1237 3245 iu

134 3268 189 3319 sam
208 3271 367 3333 quorundam
388 3275 578 3334 persuasionem
597 3276 664 3337 jam·
704 3275 798 3322 honore
809 3271 913 3320 babitus
925 3269 967 3319 sit.
993 3269 1045 3317 Sed
1056 3282 1104 3317 nec
1116 3277 1238 3320 oratores

133 3344 663 3410 pridemconfutavit,cumcecinit,‘Nam
706 3349 808 3414 quidem
828 3346 957 3408 attingere
976 3343 1015 3393 fas
1035 3345 1092 3402 erit,
1112 3359 1172 3393 curn
1190 3347 1237 3395 rix

133 3426 235 3470 castum
247 3434 304 3469 esse
315 3420 392 3469 decet
410 3423 481 3483 pium
498 3424 602 3486 poetam
619 3427 663 3490 lp·
704 3437 857 3491 quemquam
870 3420 986 3482 reperias
1000 3420 1042 3483 (issi
1059 3433 1110 3467 ¹¹⁰ss
1127 3420 1238 3485 tinquid,

133 3508 199 3554 sum,
222 3494 369 3545 versiculos,
384 3495 446 3544 nillil
470 3512 578 3547 necesse
604 3502 662 3552 est.'
703 3500 772 3564 quod
783 3498 854 3547 bonis
866 3495 978 3544 moribus
990 3502 1119 3559 utcunque
1128 3495 1238 3559 officiat,

134 3569 485 3634 Eiquooiamfurtassenon
506 3578 663 3640 magnamln
704 3573 875 3634 subscriptis
892 3571 1038 3620 inseruerit.
1072 3572 1236 3623 Pretermit-

134 3649 189 3713 ejrrs
209 3648 365 3712 testimonio,
382 3652 426 3714 qul
441 3653 538 3701 crimen
559 3655 663 3719 aliquod
704 3654 794 3698 tantur
805 3646 884 3709 igitar
895 3646 991 3709 aliquot
999 3645 1095 3695 Catulli
1105 3649 1236 3710 epigram.

133 3739 149 3774 a
169 3737 196 3773 se
216 3724 320 3772 amolire
339 3726 436 3789 studet,
452 3728 556 3778 subesse
575 3738 664 3780 aucta.
702 3729 781 3783 mata,
792 3723 818 3770 iu
833 3720 926 3784 quibus
938 3721 987 3769 aevi
999 3721 1038 3770 sni
1049 3721 1180 3771 licentiam
1193 3739 1235 3773 se-

132 3801 237 3850 ritatem
249 3801 584 3865 quispiaruexistimavcrit;
602 3820 662 3868 ope·
703 3805 778 3849 cutus
796 3797 973 3846 lascivinscuie
991 3797 1133 3858 exaltaria
1153 3805 1235 3863 atque

132 3890 169 3926 rae
179 3877 294 3940 precium
306 3875 386 3927 fuerit
395 3878 516 3928 Ovidium
528 3880 617 3928 audire
629 3880 662 3929 de
702 3891 733 3947 ea
743 3877 877 3924 dumtaxat
887 3874 1016 3936 legantur,
1029 3887 1087 3936 quae
1105 3875 1186 3923 vitam
1199 3891 1234 3925 car

132 3953 222 4002 eadem
233 3968 261 4001 re
270 3952 305 4001 ita
313 3953 461 4018 loquentem
471 3971 477 4003 ε
487 3955 662 4016 ‘credemibi,
701 3951 806 4001 virtutis
818 3950 970 4014 praescripto
986 3947 1092 4008 degenti
1106 3950 1171 3997 nulli
1188 3950 1233 3999 de·

132 4020 230 4078 distant
245 4043 327 4077 mores
337 4031 472 4079 acarminc
484 4031 580 4079 nostri:
599 4031 662 4080 Vita
702 4027 823 4075 trimeuto
834 4039 890 4074 esse
903 4027 1016 4086 possunt.
1044 4021 1076 4069 ln
1087 4022 1177 4072 irormn
1186 4039 1234 4074 uu·

131 4104 277 4153 verecunda
298 4113 348 4166 est,
370 4107 447 4154 Musa
469 4106 560 4168 jocosa
581 4105 660 4154 mibi!
701 4112 772 4152 meto
789 4099 971 4159 Galliambum‚
992 4097 1060 4161 quod
1074 4106 1233 4150 estcarmeu

131 4176 182 4225 Sed
196 4186 223 4228 ot
235 4179 361 4229 Martialis
374 4181 467 4246 inquit,
483 4179 608 4230 “Lascira
618 4188 660 4230 est
699 4177 732 4227 de
744 4176 841 4240 Cybele
853 4182 880 4224 et
900 4172 963 4236 Aty,
982 4172 1075 4223 marito
1092 4187 1234 4234 recensue-
