2752 4694
128 328 194 394 548
381 340 507 391 roure.
532 338 657 390 suurn
682 334 983 392 connumeratus

129 485 190 548 ὄφρα
208 484 260 532 trra
280 482 359 549 κάμψῃ
378 481 516 548 πφιωλίῐ
535 450 614 548 iippp,
631 484 661 532 ‘it
700 498 742 548 pe,
764 484 822 535 Qua
844 480 935 533 domus
957 489 1003 532 tua
1026 484 1161 547 lampsaci
1183 490 1234 547 est,

128 560 205 622 μέντ’
224 559 325 624 ἀζομένη
341 562 416 610 κεῖται
431 562 544 622 ποταμοῖο
554 576 602 625 παρ
602 560 662 622 'bx
700 573 802 625 quoque
812 560 926 623 Priape
946 561 1013 609 Nam
1026 564 1053 609 te
1062 561 1195 624 praecipue
1206 561 1233 609 iu

129 642 179 686 θας.
701 636 755 685 sois
772 635 879 684 urbibus
897 634 1022 685 colitura
1039 635 1235 698 Hellespontia,

164 717 196 762 19
213 711 317 772 infossa
328 711 499 775 mansium
508 718 663 776 separatore·
701 711 799 761 ceteris
817 711 950 761 mtriosior
967 708 1037 760 oris!
1070 710 1122 759 Sed
1145 710 1171 758 iu
1194 724 1236 760 se·

130 787 194 849 rari]
211 787 362 850 Lugendum
383 787 496 848 omnino,
513 792 664 853 mpperuotu,
701 787 787 837 cundo
806 800 882 837 versu
904 800 950 851 pes
972 801 1037 836 uuus
1059 786 1234 836 desideratur.

19 854 23 862 ’
59 907 65 911 .
131 873 161 916 ut
179 872 290 929 apparet
307 880 323 915 e
341 865 478 928 vestigiis'
472 866 513 929 ris,
528 881 586 930 quae
604 873 664 916 suut
700 864 835 915 Secundus
849 866 936 915 autern
955 876 1001 927 pes
1020 865 1157 926 Dactylus.
1192 862 1236 912 Fi·

130 940 201 1005 apud
212 941 329 1004 Festum,
339 955 416 1007 quem
427 940 556 992 Antonius
564 942 664 1007 Augur·
702 942 787 990 nalem
812 939 880 990 enirn
904 941 1019 990 vocalem
1042 939 1137 1003 prioris
1160 939 1237 988 verbi

129 1019 208 1079 tinus,
226 1017 373 1080 Episcopus
393 1017 544 1075 ilerdensis,
560 1019 665 1068 novissi·
702 1018 839 1081 excipiunt
849 1016 906 1066 dou
918 1017 1051 1080 principes
1064 1016 1237 1066 consonantes

130 1109 172 1143 ure
189 1093 282 1143 edidit.
320 1095 388 1144 Nam
406 1094 434 1142 iu
452 1095 534 1144 verbo
551 1095 666 1159 ‘Supeu
702 1092 1183 1158 litteraesequeutis,quodmuresuo,
1197 1098 1237 1142 at·
1268 1090 1270 1095 '

131 1166 200 1218 nati'
211 1169 269 1218 hec
281 1167 364 1218 adhuc
379 1170 502 1232 leguntur
510 1168 666 1234 fragments,
703 1184 754 1238 que
766 1173 874 1222 aliorum
886 1170 951 1222 fecit
962 1170 1088 1220 Catullus.

130 1247 184 1295 ‘Et
195 1246 271 1295 Catu.
282 1243 352 1295 fossa
364 1247 452 1310 Ligari
470 1246 515 1298 iu!
550 1247 607 1297 Nec
619 1246 665 1296 du·

132 1321 276 1381 uitandum,
293 1321 355 1385 qrrin
374 1321 447 1385 iilud,
467 1323 502 1384 ta,
523 1319 611 1382 fuerit,
624 1323 666 1383 ju,
842 1297 997 1350 CARMEN
1015 1298 1094 1349 XXI·

134 1397 290 1460 principium
302 1395 462 1457 verbijuretr
478 1397 614 1459 urbig-uri,
625 1398 666 1446 Li·
736 1404 749 1448 l
768 1397 864 1459 daret,
881 1401 951 1461 puter
969 1394 1135 1459 esuritionem]
1166 1395 1238 1448 Quid

132 1471 199 1532 mari.
239 1466 413 1522 Quamobrem
439 1472 519 1521 miror
540 1473 667 1536 extitisse,
703 1475 817 1525 Esuritio
827 1474 872 1536 sit,
883 1473 998 1522 iudicant
1008 1473 1138 1522 Martialis
1150 1487 1240 1523 versus

135 1547 180 1611 qni
191 1547 349 1597 Potitiorum
366 1561 397 1596 eo
413 1548 517 1598 numius
529 1549 667 1613 reprehen·
705 1551 831 1600 initium
844 1549 877 1599 ad
893 1549 1060 1610 Turanniurn,
1075 1549 1165 1599 ‘Post
1180 1549 1240 1600 isac

134 1625 297 1689 derit,cujuu
312 1625 451 1688 castigatio
467 1626 539 1676 Festi
556 1625 667 1690 Pompei
705 1626 791 1676 omnia
817 1623 887 1676 forte
915 1625 937 1674 si
963 1624 1078 1674 movebit
1109 1624 1241 1688 Bacchus,

133 1700 542 1752 verbisetauctoritatenitstur.
568 1701 668 1764 figaris
705 1714 781 1766 quam
805 1701 883 1762 soter,
908 1699 1085 1762 esuritionem,
1102 1699 1164 1748 Huc
1183 1712 1242 1750 eur·

135 1786 222 1827 autem
234 1777 312 1842 dixit,
321 1778 390 1843 quod
402 1780 518 1842 Ligures,
533 1779 577 1845 qui
587 1780 619 1828 ad
632 1779 668 1829 A·
706 1781 766 1825 rent
776 1773 826 1825 tibi
843 1774 942 1825 nobiles
961 1775 1045 1837 olivae,
1056 1775 1150 1824 Piceni
1161 1774 1241 1825 modu

134 1854 275 1916 penuinuro
286 1854 330 1904 siti
346 1860 415 1914 sunt,
425 1855 541 1919 lignaria
551 1856 669 1919 negotiu·
706 1866 770 1916 quas
785 1851 870 1901 tulere
892 1850 964 1913 rami,
982 1851 1018 1899 Et
1034 1849 1138 1900 fervens
1157 1851 1241 1913 cicer,

135 1929 200 1976 tioni
219 1929 261 1976 rei
280 1930 306 1976 iu
324 1930 413 1992 primis
430 1930 581 1979 studerent:
598 1931 669 1995 quod
706 1933 736 1976 et
747 1933 840 1990 tepens
851 1925 972 1990 lupinus?
988 1924 1041 1974 Sed
1049 1925 1166 1975 Catullus
1177 1924 1242 1976 alibi

135 2003 214 2053 facile
234 2003 391 2068 intelligitur
402 2017 435 2053 ex
447 2004 512 2055 Juiii
529 2005 670 2069 capitolini
707 2015 756 2066 pro
774 2004 868 2066 esurie,
885 2002 988 2066 posuit:
1012 2003 1084 2066 soie,
1092 2009 1121 2053 et
1131 2003 1241 2068 frigore,

136 2080 222 2131 verbis
241 2080 344 2147 quaein
363 2081 504 2130 Pertinace
524 2078 607 2146 prima
624 2095 670 2145 po·
707 2084 737 2128 et
747 2079 897 2128 esuritione.

136 2159 197 2208 suit.
739 2156 904 2206 tNeoclom:
919 2156 1052 2205 namsimtti
1061 2155 1177 2218 etjncurit
1185 2172 1242 2223 artu,

168 2239 201 2283 20
220 2233 366 2282 Τακὴιιιάεηι
379 2232 459 2281 omnio
472 2232 670 2294 scattoimum
709 2231 813 2281 Haress
828 2233 860 2280 ud
876 2234 938 2282 lates
955 2233 1034 2281 omnio
1054 2232 1184 2297 experiris]
1208 2233 1241 2282 Iu

135 2314 157 2361 si
167 2313 232 2361 uuita
245 2312 279 2360 stt
294 2311 401 2374 murra]
425 2311 578 2375 Legeudum
589 2310 670 2374 ruspi-
708 2307 1013 2371 manuscriptisoruuibos
1023 2315 1089 2372 erat,
1101 2310 1154 2358 Neo
1163 2310 1241 2358 alume

137 2389 364 2452 curuoupsomsi,
381 2387 427 2437 sed
444 2389 527 2450 ptum:
544 2394 572 2436 et
589 2386 672 2437 stabit
707 2397 763 2431 m
781 2383 852 2432 timul
868 2383 984 2444 effjncuris
1001 2398 1058 2447 unu,
1080 2386 1186 2434 Haerent
1210 2387 1242 2434 usi

138 2463 207 2512 cuim
226 2477 326 2524 versus,
349 2470 377 2512 et
398 2463 490 2511 eodem
511 2461 597 2522 modo,
619 2474 670 2525 quo
709 2459 771 2507 tatu
788 2460 867 2509 omnio
884 2460 1012 2524 experitis.
1046 2462 1101 2526 Ego
1120 2474 1183 2511 vero
1200 2460 1241 2510 sic

138 2538 237 2587 Ennius
251 2539 320 2600 apud
329 2538 471 2585 Varronem
483 2538 516 2585 de
528 2537 602 2600 Liug.
613 2537 670 2587 Lat.
707 2533 837 2597 legebam,
854 2535 994 2586 Nuculam:
1007 2552 1061 2586 auus
1076 2536 1154 2600 umal,
1165 2543 1190 2587 et
1202 2537 1242 2598 Je-

137 2615 186 2662 lib.
206 2626 244 2662 vr.
260 2613 373 2675 uixerit,
397 2614 577 2662 ‘Tantundem
599 2614 672 2677 quasi
707 2610 772 2657 euris
782 2624 829 2658 aaa
838 2612 862 2659 et
873 2611 1017 2662 Harensou
1033 2615 1097 2662 totas
1109 2613 1189 2662 omniu
1198 2628 1242 2662 ex·

136 2689 193 2737 t'eta
204 2703 280 2738 canes
288 2689 344 2738 siue
353 2687 471 2738 dentibu'
484 2690 564 2738 latrat
574 2688 590 2738 :’
602 2689 671 2752 apud
706 2684 801 2747 putria

138 2764 283 2813 Varronem
295 2771 381 2812 tarueu
393 2777 483 2827 prave,
493 2764 595 2828 opinor,
607 2765 672 2827 iegi-
740 2765 757 2809 o
775 2761 862 2811 Omsrfo
873 2762 1001 2826 experiris]
1024 2763 1241 2828 Dispungendura

140 2839 381 2901 tnr,‘Tantidem.’
412 2840 484 2890 Etiu
496 2841 672 2906 resumpsisti,
708 2836 835 2889 hocloco.
862 2840 899 2889 Ut
910 2839 980 2904 quod
989 2841 1118 2904 sequitur,
1130 2840 1242 2906 From,

139 2916 230 2966 ultima
240 2922 280 2965 eut
292 2926 397 2980 triceps.
708 2928 787 2963 unum
799 2914 825 2963 id
834 2913 940 2963 verbum
953 2928 1001 2978 per
1011 2916 1159 2979 retegatur.
1183 2916 1241 2964 Ost·

171 2995 203 3041 21
224 2991 290 3040 Totis
299 2992 417 3042 incursas
424 2993 517 3057 stupor]
534 2993 673 3058 Vitiaipsa
708 2989 751 3037 triu
769 3002 830 3037 sero
846 2989 951 3052 expertri
967 2989 1093 3039 dicebaut
1114 2991 1141 3039 in
1164 2991 1241 3040 rebus

139 3082 187 3132 pro
198 3068 298 3119 vitiosis
317 3070 444 3134 punimus,
454 3084 512 3122 curn
526 3070 673 3134 insiguiter,
709 3066 752 3128 iis,
768 3065 800 3113 ad
819 3080 882 3129 quus
898 3064 1046 3116 efficiendas
1062 3076 1164 3116 omnem
1180 3079 1242 3130 ope·

140 3149 277 3193 aesuunne
293 3145 399 3195 vitiosos
412 3145 594 3209 significamus.
629 3147 673 3196 Sic
710 3156 765 3192 raur
784 3143 963 3195 contulissent.
1004 3146 1093 3195 Cacsar
1111 3147 1144 3196 de
1166 3146 1242 3196 Bello

140 3218 227 3268 dictus
244 3221 303 3269 olim
321 3235 337 3268 a
353 3221 480 3271 Bibaculo
490 3222 607 3273 Orbilius
618 3222 673 3272 Lit·
711 3219 779 3269 Gali.
791 3219 836 3270 lib.
846 3230 898 3272 vtr-
913 3221 1025 3271 ‘Omnia
1040 3223 1144 3284 experti
1160 3222 1241 3286 Garri,

141 3298 257 3341 terarum
268 3293 373 3343 oblivio.
709 3296 778 3359 quod
797 3310 839 3345 res
858 3297 928 3346 uuita
946 3303 1116 3360 successerat,
1136 3304 1242 3361 postero

174 3372 207 3417 22
223 3367 277 3430 Ipse
287 3369 393 3432 priscii]
417 3370 566 3434 Legendum
587 3387 602 3421 e
620 3387 673 3422 ma·
710 3370 753 3421 die
772 3372 907 3422 consilium
928 3379 1058 3436 ceperunt
1078 3373 1178 3437 oppido
1201 3372 1242 3422 fu·

141 3446 292 3509 uuscriptis,
303 3447 343 3509 pai
351 3449 391 3498 sit.
711 3451 795 3510 geret’
811 3455 840 3498 et
851 3448 907 3498 cici
919 3447 952 3496 sd
962 3446 1046 3498 Attio.
1057 3448 1102 3498 iib.
1116 3461 1136 3497 ι.
1147 3448 1243 3500 ‘Quod

174 3525 206 3570 23
226 3520 298 3570 Hono
317 3524 373 3586 ego]
399 3525 548 3588 legendum
571 3526 674 3575 omnino
712 3514 1244 3588 admesaepescripsistideuostrosmico

142 3603 173 3646 nt
185 3597 242 3646 est
235 3612 263 3647 ru
274 3600 455 3665 manuscriptis
466 3602 592 3668 omuibus,
604 3602 674 3651 Narra
710 3600 847 3664 placando,
857 3599 920 3663 feci,
936 3607 965 3650 et
982 3605 1106 3664 expertus
1122 3612 1179 3649 sum
1190 3613 1245 3648 om·

142 3688 204 3723 earu.
251 3694 257 3704 ·
710 3679 769 3728 uia·
796 3678 841 3727 scd
863 3678 1006 3727 mirandum
1026 3678 1054 3728 lu
1075 3677 1180 3727 monum
1202 3682 1246 3727 est

175 3752 208 3800 24
225 3749 256 3800 st
269 3755 348 3814 potest
366 3752 464 3816 altram]
485 3754 568 3804 Recte
584 3755 675 3804 Victo·
711 3752 795 3801 auimo
807 3751 971 3802 abalienato?

103 3853 104 3856 ¹
142 3828 439 3891 rius,Sr'potsstoiidsm
465 3830 500 3879 Et
511 3831 602 3879 eodem
612 3845 673 3880 reru
742 3826 883 3891 Biturigum
894 3834 919 3878 te
926 3842 995 3891 puras
1003 3826 1245 3891 commotiore]

143 3918 370 3967 genereversunm
381 3904 480 3955 Poe'ma
497 3906 559 3955 illud
577 3907 675 3956 Catulli
711 3903 831 3968 gendum,
851 3909 881 3953 ot
902 3910 944 3954 est
964 3905 1081 3955 omuibus
1106 3904 1134 3953 in
1156 3918 1246 3954 mauu·

143 3981 169 4027 in
182 3981 307 4045 Priapum
318 3979 378 4045 fuit,
388 3994 462 4045 equo
473 3994 562 4030 versus
573 3987 674 4031 tautum
711 3981 823 4044 scriptis,
831 3981 908 4044 prior,
918 3995 979 4044 nou,
987 3981 1062 4044 prius.

145 4063 256 4120 quatuor
282 4058 390 4122 Priapel
416 4057 543 4108 Carminis
563 4058 676 4121 exempli
742 4061 759 4105 9
784 4058 868 4120 Atqui,
887 4059 909 4106 si
929 4055 1075 4118 idfucmes]
1100 4055 1134 4105 In
1156 4067 1247 4104 manu·

147 4143 236 4180 caussa
257 4133 429 4184 Terentianus
450 4135 545 4198 posuit,
571 4133 578 4159 ‘
597 4131 675 4182 Hunc
712 4132 816 4196 scriptis
834 4133 960 4196 omuibus,
975 4131 1052 4195 Atque
1070 4130 1117 4194 ipsi
1130 4129 1245 4190 suerrus

147 4207 231 4258 iocum
243 4209 291 4259 tibi
301 4211 401 4275 dodico,
417 4222 590 4276 consumoque
602 4207 676 4260 Priu-
712 4207 849 4272 tegendum
860 4208 973 4272 vitietur,
984 4206 1061 4270 Atque
1071 4206 1098 4254 id
1106 4205 1235 4266 usuam.
