2752 4694
416 316 630 370 0010000
655 321 836 370 carunnr.
1115 308 1181 374 888

74 463 177 529 trisch
190 463 355 528 iibersetzt
369 481 436 528 von
451 462 561 527 einem
575 480 695 546 preuss
709 461 844 527 officiet.
868 460 964 527 Chth.
984 465 1059 530 8vo.
1083 461 1180 532 1798.
1300 536 1302 540 ,

121 566 287 642 Catullus,
314 567 374 628 &a
396 563 471 628 8v0.
506 562 642 646 Argent.
667 563 762 629 1798.
819 563 909 628 Haec
940 571 992 629 est
1019 568 1119 632 tertia
1145 574 1181 632 et

78 665 468 748 ultimaBipontincrum
484 665 565 730 edit.
593 675 596 680 ’

122 767 330 832 Traduction
344 765 510 848 complete
525 767 585 831 des
612 764 752 831 Podsies
772 766 813 830 de
829 764 969 845 Catulle,
991 767 1099 833 suivie
1122 772 1182 839 des

79 868 221 934 Pcdsies
241 868 283 932 de
304 866 427 932 Gallus
452 871 486 931 et
511 866 552 930 de
577 867 610 932 la
624 865 754 931 Veillee
776 867 818 931 de
842 868 876 932 la
901 867 983 934 Feta
997 870 1039 935 de
1052 868 1181 949 Venus,

34 998 39 1007 ·
79 991 164 1035 avec
179 974 276 1034 notes
290 987 353 1051 par
368 967 424 1031 Fr.
441 967 540 1044 Noel.
557 967 635 1031 Par.
650 986 704 1031 au.
720 984 776 1031 xr.
791 965 922 1053 (1808.)
942 969 1046 1036 2001.
1091 973 1181 1038 Haec

79 1070 192 1136 versio
207 1074 260 1135 est
281 1071 316 1134 in
337 1086 488 1133 sermone
503 1067 664 1152 pedestri,
677 1089 754 1151 quae
771 1068 913 1134 curiosae
925 1066 1101 1138 verborum
1116 1072 1182 1137 Ca-

80 1172 156 1236 tulli
181 1168 334 1236 felicitati
359 1169 469 1232 minus
495 1174 577 1251 apta
602 1173 660 1231 est.
704 1167 948 1236 Annotationes
961 1173 1079 1238 doctas
1094 1194 1183 1239 com·

79 1273 232 1355 plectitur
254 1271 320 1335 vol.
343 1270 533 1336 secundum.
578 1268 829 1336 obscoenitates
852 1276 961 1337 textus
981 1274 1182 1340 inversione

82 1374 242 1437 vitantur.

123 1472 285 1549 Catullus,
299 1471 465 1550 Tibullus,
481 1471 689 1555 Propertius,
713 1491 788 1536 cum
803 1473 896 1538 Galli
920 1474 1125 1557 Fragmentis
1147 1485 1183 1541 et

80 1572 261 1654 Pervigilio
275 1571 427 1636 Veneris.
462 1573 612 1638 Vindob.
627 1573 725 1639 1803.
748 1574 824 1638 svo.
869 1574 1055 1641 Emendate
1069 1577 1181 1642 editio.

79 1673 220 1750 Textus,
234 1672 382 1737 maxima
394 1692 438 1737 ex
451 1682 560 1757 parte,
575 1680 685 1738 estex
699 1676 896 1739 recensione
910 1675 1092 1760 Vulpiana.

124 1772 290 1850 Catullus,
305 1773 474 1852 Tibullus,
491 1775 698 1858 Propertius,
712 1766 826 1839 16000.
843 1775 1115 1843 Rotcrod.1805.

124 1872 291 1951 Catullus,
305 1871 464 1938 Rotcrod.
484 1873 595 1940 12ωο.
615 1874 713 1941 1806.
969 1948 973 1953 ,

125 1974 197 2038 Der
210 1972 304 2036 Attis
326 1972 387 2037 des
412 1973 577 2053 Catullus,
592 1992 646 2039 em
668 1975 925 2057 Sylbenmaasse
940 1977 999 2042 des
1016 1977 1184 2060 Originals

81 2095 149 2140 von
173 2074 280 2140 Chris.
303 2073 406 2139 Wilh.
431 2073 618 2140 Ahlwardt.
642 2073 845 2158 Oldenburg.
878 2076 974 2143 1808.
1007 2080 1079 2145 uto.
1101 2081 1183 2144 min.

81 2175 295 2260 Adjiciuutur
308 2176 540 2240 annotationes
553 2175 691 2240 criticae.

126 2275 286 2356 Catullus,
301 2275 466 2353 Tibullus,
482 2275 690 2357 Propertius,
711 2295 787 2340 cum
809 2275 901 2340 Galli
923 2276 1126 2362 Fragmentis
1152 2288 1186 2346 et

81 2378 262 2460 Pervigilic
281 2377 429 2442 Veneris.
458 2375 500 2440 In
515 2393 610 2439 usum
622 2376 811 2440 scholarum
821 2375 993 2459 diligenter
1008 2397 1182 2463 expressa.

83 2478 316 2558 Halae,1810.
338 2478 414 2546 800.

126 2580 289 2660 Catullus,
299 2579 468 2659 Tibullus,
477 2578 686 2665 Propertius,
699 2580 742 2644 ad
758 2583 903 2666 optimos
913 2582 1015 2648 libros
1027 2591 1183 2652 accurate

83 2683 175 2748 editi.
197 2681 404 2765 Lips.1812.
426 2682 534 2747 16000.

126 2783 248 2848 Versic
273 2784 477 2850 Germanica
500 2782 624 2846 Catulli
647 2799 670 2843 a
694 2783 739 2846 D.
753 2781 832 2846 Joh.
847 2781 935 2845 Phil.
953 2780 1073 2849 Krebs.
1117 2785 1185 2850 De-

83 2884 240 2950 scribitur
247 2889 286 2947 ut
299 2883 412 2948 versio
425 2880 637 2955 suavissima,
652 2880 708 2943 cui
720 2879 959 2963 subjunguntur
972 2888 1073 2960 nctae,
1084 2886 1186 2950 verba

83 2991 117 3050 et
131 3004 186 3048 res
198 2985 281 3046 bene
292 2983 505 3046 illustrantes.
527 2980 638 3045 Giess.
660 2979 757 3043 1813.
780 2981 849 3043 tto.

128 3083 263 3161 Catulli,
277 3082 418 3160 Tibulli,
443 3088 479 3146 et
493 3081 659 3164 Propertii
674 3079 799 3161 Opera,
815 3099 861 3144 ex
876 3081 1016 3164 optimis
1030 3082 1185 3149 editioni·

83 3189 148 3250 bus
163 3184 279 3249 sedulo
301 3189 470 3262 accurata,
493 3182 601 3248 18mo·
623 3181 729 3247 Lond.
752 3180 850 3245 1816.
896 3182 974 3247 Sine
998 3185 1185 3251 annotatio-

85 3286 196 3363 nibus,
212 3284 271 3348 sed
285 3284 391 3348 nitide
406 3303 577 3367 expressa.
762 3286 764 3291 ’
938 3284 941 3289 ’

129 3386 264 3469 Elegies
280 3386 321 3450 de
336 3385 480 3462 Catulle,
495 3386 538 3449 de
549 3383 693 3463 Tibulle,
716 3390 750 3450 et
764 3385 943 3469 Properce,
955 3384 1040 3452 trad.
1055 3403 1186 3452 envers

87 3486 261 3568 Francais,
276 3506 338 3568 par
353 3487 392 3550 C.
409 3487 447 3549 L.
464 3484 663 3550 Mollevant
685 3483 764 3550 Par.
780 3485 877 3551 1816.
896 3487 995 3553 3001.
1017 3487 1127 3551 18000.

130 3587 252 3652 Catulli
267 3587 434 3652 Carmina.
480 3586 606 3651 Poems
622 3585 661 3650 os
680 3584 842 3665 Catullus,
855 3587 936 3652 with
949 3605 1045 3650 scme
1068 3586 1185 3667 expla-

84 3694 201 3773 natory
214 3689 282 3752 and
301 3688 552 3771 philosophica}
562 3694 668 3766 notes,
683 3689 749 3752 and
763 3689 892 3754 several
905 3686 988 3751 odes
1003 3686 1137 3752 written
1151 3685 1185 3750 in

85 3790 252 3855 imitation
268 3789 308 3854 os
318 3791 384 3856 this
398 3791 516 3855 author
527 3791 561 3854 in
575 3808 665 3854 more
674 3790 812 3855 medem
823 3789 931 3852 times.
976 3787 1045 3851 For
1056 3788 1109 3852 the
1124 3806 1186 3852 use
1241 3838 1245 3843 ,

85 3891 126 3957 os
136 3893 280 3958 schools.
325 3891 480 3967 Londiui,
496 3892 530 3954 in
545 3891 690 3955 AEdibus
704 3890 895 3974 Valpianis,
907 3889 1016 3954 l2m0.
1038 3888 1134 3953 1817.

129 3992 206 4057 Caii
219 3993 348 4057 Valerii
362 3991 486 4056 Catulli
500 3991 668 4056 Carmina.
714 3992 754 4055 In
769 4010 862 4056 nsum
887 3988 1048 4055 studiosae
1066 3990 1184 4074 juven-

86 4094 181 4159 tutis.
206 4093 316 4157 Oxon.
332 4094 408 4158 8vo.
424 4095 502 4157 min.
520 4093 613 4158 1818.
623 4095 693 4157 sino
707 4092 984 4158 annotationibus.
1009 4090 1050 4154 In
1063 4089 1184 4174 praesa-

152 4209 272 4270 Despuat
288 4208 344 4257 Vur.
357 4209 418 4257 Clas.
594 4209 671 4256 Catul.
972 4191 981 4201 .
1060 4205 1119 4254 8Η
