2752 4694
130 337 195 414 460
384 349 422 394 n.
445 347 480 393 u.
505 343 650 392 nunurr
674 339 975 390 conuaurunros

132 481 658 552 puera,quidserbieutnooreprofluiti’
696 483 704 511 ‘
724 483 759 544 0,
779 482 823 546 qui
844 480 963 529 flosculus
986 492 1013 528 es
1034 478 1229 539 Juventtorum,

131 577 181 626 qno
193 575 268 610 versu
278 561 464 622 interpretetus
475 567 514 607 est
525 560 596 609 illuns
605 560 660 608 Ho·
697 559 756 608 Nun
768 558 856 606 horum
868 556 955 616 modo,
975 553 1021 603 red
1033 560 1096 616 quot
1114 560 1159 601 aut
1170 551 1228 601 irre·
1248 592 1251 607 ἱ

131 638 264 698 rnericnm‚
286 633 372 683 Τέκνον
393 633 456 693 ἐμὸν,
472 633 539 682 ποῖόν
556 650 585 681 σε
603 631 659 681 ἔπος
695 626 766 693 runt,
778 633 832 681 Ant
843 631 950 695 posthac
969 630 1025 677 sliis
1044 634 1120 677 erunt
1138 628 1164 675 in
1182 641 1229 675 au·

131 711 207 774 φύγεν
217 708 282 773 ἕρκος
292 709 404 771 iubarum
417 707 453 759 At
465 711 473 738 ‘
484 708 608 773 prrerum'
619 716 659 758 ta·
696 707 756 758 uis)
788 710 833 768 Et,
851 705 1042 755 ‘Disertissime
1060 704 1162 752 Romuli
1181 716 1228 758 ne,-

131 789 190 835 nien
202 794 311 849 utroque
319 799 413 846 genere
424 782 578 832 efferebant.
597 784 659 833 Nae·
696 788 795 846 potum,
822 782 893 832 Quot
920 787 989 841 sunt,
1005 784 1117 844 quotque
1144 776 1231 839 fuere,

131 861 187 909 rins
195 859 307 908 secundo
316 859 377 908 belii
388 859 492 920 Punici,
508 858 613 907 ‘Prima
622 859 659 906 iu·
696 858 787 908 Marce
796 857 873 919 ruiti,
884 857 1008 919 Quotque
1018 861 1075 918 post
1084 855 1141 904 aliis
1150 859 1230 903 erunt

132 936 204 985 cedit
215 935 318 984 Cereris
329 933 489 995 Proserpina
500 932 584 996 puer?
696 934 722 982 in
735 932 826 982 aunis.'
901 953 907 961 ·
1285 983 1288 988 ,

164 1014 193 1060 17
210 1010 321 1059 Seorsum
331 1007 438 1072 iubebis]
454 1008 616 1069 continebis,
626 1022 659 1058 ue
727 1006 898 1070 oEuperiris]
923 1006 955 1055 In
967 1005 1078 1070 antiquis
1090 1003 1226 1053 codicibus

131 1085 193 1149 quid
203 1083 345 1148 proripias.
370 1082 403 1131 In
412 1088 661 1131 seorsuuaotanreut
695 1084 823 1147 aperitis,
841 1083 909 1146 quod
927 1095 978 1130 non
998 1087 1096 1129 temere
1108 1078 1230 1142 rejicien-

131 1158 279 1223 syuaeresis,
289 1157 370 1220 quelis
379 1157 405 1206 iu
414 1156 459 1205 ilio
476 1158 569 1221 virgil.
585 1159 661 1207 ‘an
696 1158 756 1207 duni
767 1164 824 1207 est:
834 1157 871 1206 ita
882 1156 950 1204 enirn
961 1156 1043 1204 multa
1053 1160 1157 1202 veteres
1169 1152 1229 1201 dix·

132 1233 274 1298 eademque
296 1232 339 1281 via
368 1232 524 1297 sanguisque
548 1234 660 1282 animos·
696 1231 929 1296 areagoorlivoce,
943 1232 1231 1294 quaeuunctantumeu
1301 1286 1304 1290 ¹

131 1322 182 1371 que
199 1307 357 1370 sequuntur!
373 1313 401 1356 et
421 1308 447 1356 iu
467 1308 512 1357 iliu
535 1309 659 1372 Propert.
697 1323 754 1373 quus
768 1306 883 1373 patiendi
898 1311 939 1354 est
954 1303 1114 1352 efferuntur:
1132 1307 1233 1350 etoon·
1265 1302 1284 1368 'A

129 1382 259 1432 ‘Eosdem
278 1382 483 1446 hurbaniacum,
506 1382 599 1446 quibus
619 1391 661 1432 est
697 1391 747 1435 tra.
779 1383 848 1436 Quin
869 1384 918 1432 hoo
936 1394 1036 1445 quoque
1056 1379 1113 1443 ipso
1133 1376 1232 1427 alicubi
1268 1382 1302 1435 ,ς’

131 1458 210 1517 elma
221 1456 347 1519 οἓψὶηθῦἶ
697 1460 780 1509 utitor
792 1456 879 1512 Plaut.
1282 1474 1292 1504 ·.

165 1531 452 1594 ressurrecturum]
476 1531 507 1580 Iu
518 1532 661 1594 veteribus,
731 1533 871 1593 BTuugum
882 1529 995 1594 ueprius]
1014 1530 1062 1578 Est
1073 1542 1153 1593 genus
1164 1523 1230 1598 figu-
1271 1534 1295 1575 ,.·,

133 1613 224 1660 Parata
241 1625 332 1672 nonque
348 1625 408 1658 nux
417 1614 469 1658 orte
479 1612 596 1659 mentula:
613 1611 661 1659 ita·
698 1625 745 1672 rue,
756 1608 825 1672 qood
837 1609 925 1658 Graeoi
935 1606 1037 1668 μείωσιν,
1046 1605 1130 1655 Latini
1140 1605 1243 1663 Irnnri·¹
1286 1631 1298 1647 ··

131 1700 181 1751 que
193 1685 237 1734 aiii
249 1685 377 1746 fecerunt,
393 1687 485 1734 Poruto
501 1701 593 1748 nonque
602 1701 662 1735 orus:
698 1685 884 1733 notionemaut
893 1682 1111 1732 Extenuationem
1119 1685 1213 1727 vocant
1223 1682 1244 1729 ε’

131 1767 156 1809 rt
166 1766 219 1809 urie
237 1762 353 1809 mentula:
370 1761 396 1808 in
413 1774 463 1823 qno
481 1761 556 1823 iilud,
570 1766 603 1824 et,
622 1775 662 1809 re·
699 1775 731 1810 eo
742 1761 785 1824 qui
798 1761 836 1809 uti
849 1762 949 1820 volout,
958 1760 1002 1808 nbi
1014 1759 1070 1823 quis
1081 1759 1159 1807 alium
1170 1772 1230 1819 per·
1301 1758 1303 1763 ’

132 1835 259 1896 dondare,
275 1849 350 1882 nemo
371 1849 421 1883 non
441 1835 529 1883 videt:
546 1836 601 1894 aiii,
612 1836 662 1884 Po·
699 1834 818 1894 eusserit3
829 1834 1010 1898 pupugeritve,
1030 1839 1075 1881 aut
1092 1832 1230 1894 insigniter

133 1912 596 1972 rotouauquerruxoaturtameutula;
615 1909 661 1958 sed
699 1907 778 1956 etiam
800 1909 909 1970 laeserit,
938 1908 1054 1971 tetigisse
1076 1907 1175 1955 dicunt.
1197 1921 1231 1956 ea
1280 1918 1289 1977 j

131 1988 177 2036 hos
197 1988 254 2049 ipsa
270 2001 358 2035 versos
370 1987 437 2034 ratio
454 1987 589 2048 coarguit:
606 2001 662 2049 nos,
700 1997 792 2030 caussa
811 1992 861 2045 est,
881 1997 928 2032 cur
947 1997 1127 2046 nonnunquam
1143 1983 1238 2045 ipsurn
1268 1990 1274 2037 ,“

131 2061 200 2125 quod
212 2061 380 2124 reposuimus,
388 2073 475 2108 verum
485 2074 541 2108 esse
551 2060 661 2109 arbitra·
699 2059 813 2119 tangendi
830 2058 936 2106 verbum
960 2058 1028 2107 idern
1049 2059 1143 2119 valeat,
1160 2058 1230 2122 qnod

133 2151 199 2186 mur.
699 2141 848 2197 percutere,
859 2148 984 2197 pungere,
996 2135 1098 2184 Iaedere.
1120 2135 1231 2183 Terent.
1289 2122 1297 2179 s

163 2216 195 2260 19
211 2212 305 2274 Aipoi]
320 2209 453 2273 Repetitio
463 2208 578 2272 ejusdem
589 2210 661 2259 verbi
698 2210 857 2270 Eunocho}
867 2210 925 2261 Quo
939 2217 1015 2272 pacto
1027 2209 1155 2258 Rhodium
1168 2210 1249 2258 teti-·
1276 2252 1281 2261 ,
1314 2216 1316 2221 ⁴

130 2288 207 2336 vaide
225 2287 336 2336 irrisioni
355 2286 519 2334 conveniens.
553 2287 601 2334 Est
619 2300 662 2333 an·
699 2283 780 2346 gerim
801 2284 827 2332 in
848 2283 991 2333 convivio?
1016 2284 1110 2347 idest,
1136 2284 1255 2341 acerbo,

133 2366 186 2410 tem
201 2361 277 2422 joons
298 2360 411 2421 elegans,
437 2358 483 2407 sed
510 2359 661 2427 obscoenus:
699 2359 952 2421 aculeatoquedioto
971 2362 1044 2422 qnasi
1065 2350 1243 2423 prrpogorira„¹

133 2449 190 2484 cnm
201 2435 268 2482 euim
279 2434 381 2482 diceret
389 2433 482 2494 viator,
499 2447 527 2480 se
539 2433 601 2480 nihil
610 2446 662 2481 me·
699 2432 823 2494 Propert.
841 2432 942 2483 ‘Quem
954 2434 1043 2496 tetigit
1050 2434 1126 2496 jactu
1139 2432 1231 2483 oertns‘
1307 2493 1310 2497 ,

133 2518 216 2572 torre,
235 2515 281 2558 unt
299 2514 424 2572 appetere
444 2507 522 2555 etiarn
542 2507 662 2556 usitatum
700 2509 733 2557 ad
754 2523 812 2557 ossa
831 2508 912 2558 deus!
953 2510 1006 2559 Ubi
1026 2511 1105 2558 etiam
1127 2511 1232 2559 videtur

133 2585 197 2634 iliud
209 2584 376 2646 supplicium,
391 2580 503 2630 illudens
517 2584 599 2639 Dens,
609 2583 663 2630 ion·
700 2582 777 2631 ducta
789 2584 892 2645 trulatio
908 2599 924 2633 a
944 2586 1095 2648 sagittariis,
1115 2586 1159 2648 qui
1175 2593 1233 2634 tan·
1256 2586 1258 2591 '

132 2674 166 2724 ge
178 2661 227 2708 alio
239 2671 391 2720 eum,quam
404 2655 609 2718 pntabat,modo
620 2670 662 2705 ao·
699 2671 762 2721 gere
782 2658 912 2720 dicuutur,
934 2659 991 2708 &uu
1012 2661 1055 2708 ruri
1076 2661 1165 2709 σκοποῦ
1184 2660 1233 2707 ἔτι·

132 2741 238 2798 ceptum
251 2734 283 2782 iri
296 2730 444 2794 respondet.
698 2731 842 2793 mxuma.
878 2735 965 2783 Plaut.
979 2735 1119 2798 Pseudolo,
1129 2736 1137 2761 ‘
1147 2734 1173 2783 Si
1185 2749 1231 2783 ne·

698 2807 792 2856 rulnem
809 2809 886 2857 aliurn
923 2817 1006 2870 utero,
1030 2816 1100 2859 tuum
1123 2816 1168 2859 tau
1188 2825 1233 2859 am

277 2857 431 2908 CARMEN
448 2857 523 2907 XXI·
699 2880 821 2944 patrem!
843 2881 875 2931 Id
895 2824 945 2938 egr,
966 2897 1024 2931 eum
1043 2825 1250 2933 multaboghoc'
1281 2871 1288 2897 '¹

164 2962 178 3008 l
196 2956 293 3018 Aureli]
326 2956 452 3005 Irascitur
463 2955 579 3017 Aureiio,
592 2955 661 3019 qnod
699 2955 803 3016 damno,
819 2970 956 3018 emungam
969 2971 1026 3006 eum
1043 2959 1089 3008 hac
1111 2960 1233 3022 pecunia.

131 3048 249 3098 puerum,
259 3047 343 3096 quero,
353 3038 383 3081 nt
394 3046 426 3080 ex
436 3031 612 3095 superioribus
622 3031 661 3079 in·
698 3029 767 3078 idem
786 3030 906 3093 Poenulo,
922 3032 1008 3083 ‘Quia
1030 3033 1114 3082 ceruit
1134 3046 1232 3095 amare,

131 3111 269 3173 telligitur,
279 3109 335 3172 ipre
345 3109 401 3171 ejus
412 3106 474 3156 fidei
484 3106 661 3168 commiserat,
697 3104 825 3154 hominem
836 3105 889 3155 volt
902 3107 960 3155 leno
975 3112 1103 3170 tangere!
1135 3108 1225 3157 Catul-

130 3197 298 3246 oorrumpere
310 3183 439 3231 moliatur.
697 3183 737 3231 lus
748 3197 838 3245 supra,
852 3182 941 3231 ‘reiut
960 3184 1028 3245 prati
1048 3183 1159 3232 Ultimus
1172 3181 1232 3246 flos,

164 3257 242 3306 Potor
257 3254 423 3316 auritiouum]
450 3254 583 3317 Significat
601 3269 660 3303 eom
696 3266 873 3322 pretereunte
883 3266 1018 3323 postquam
1029 3261 1123 3309 Tactus
1136 3267 1227 3310 aratro

132 3331 236 3381 sordide
253 3337 280 3378 et
298 3330 411 3378 teuniter
427 3329 567 3388 convivari,
583 3329 661 3376 itaut
697 3333 755 3382 eat)
789 3333 877 3383 Grani
895 3348 995 3398 quoque
1013 3332 1131 3396 ἁψάμενον
1148 3351 1231 3395 γυναι.

132 3419 204 3455 cenae
215 3403 296 3466 ipsius
307 3417 359 3450 non
370 3415 442 3450 001¹ae
460 3401 583 3450 vocandae
602 3401 662 3461 sini,
697 3406 738 3456 uis
750 3406 840 3457 dicunt
852 3421 918 3468 eum,
936 3409 978 3472 qui
995 3410 1128 3459 mulierem
1141 3425 1231 3473 quam·

132 3481 180 3530 sed
198 3478 360 3528 esuritiooes.
400 3478 478 3526 csuae
497 3483 599 3540 patrem
619 3490 662 3525 vo·
697 3483 767 3546 piam
786 3482 930 3545 depereat:
947 3497 998 3547 quo
1015 3484 1131 3534 modoet
1143 3487 1232 3539 Latini

132 3549 421 3614 submurmuratum,
439 3566 515 3614 quern
526 3551 606 3600 eiiam
619 3551 661 3600 Ci·
697 3556 787 3606 dicunt
815 3571 901 3606 amore
929 3572 1086 3620 percussum.
1130 3562 1228 3624 Virgii.

131 3645 194 3681 cero
211 3629 342 3678 domiuum
359 3627 430 3690 epuli
449 3633 532 3675 uocat.
565 3626 660 3676 Horat.
695 3630 829 3682 ‘Quarum
840 3646 915 3680 sacra
935 3631 991 3681 sero
1011 3634 1110 3696 ingenti
1122 3650 1231 3698 percus·

130 3706 182 3755 ‘In
193 3703 283 3767 primis
294 3704 413 3752 Lucanus
422 3715 486 3764 aper
494 3701 546 3749 leni
555 3699 605 3749 snit
617 3715 660 3750 ou·
696 3720 740 3756 sur
750 3706 854 3756 amore?
877 3708 983 3757 Lucret.
995 3709 1147 3758 ‘Percussit
1156 3711 1232 3774 thyr.

131 3787 186 3831 stro
204 3779 314 3842 Captus,
331 3781 360 3824 ut
377 3774 465 3823 aiebat
479 3789 551 3824 oense
567 3774 661 3836 pater!
696 3795 725 3831 so
735 3781 818 3830 landis
830 3796 890 3844 spes
902 3796 994 3844 magna
1006 3797 1091 3833 meunt
1103 3784 1167 3833 cor.’

132 3855 234 3905 Nouius
243 3866 302 3902 eom
314 3856 343 3900 et
352 3849 482 3897 dominum
494 3848 616 3910 convivii,
633 3856 662 3898 et
729 3862 746 3908 9
762 3857 792 3906 St
805 3857 929 3915 tusam
938 3857 1018 3920 ntur]
1050 3858 1093 3907 sic
1107 3859 1226 3910 Maniai,

132 3929 271 3991 dominum,
280 3927 336 3977 line
349 3926 402 3974 ulia
413 3923 552 3987 additione,
574 3925 660 3973 vocari
697 3932 835 3997 ‘Denique
848 3933 947 3997 pedica
961 3934 1123 3983 Mamurium
1135 3935 1228 3986 satur-,⁹

131 4003 236 4053 solitum
246 4003 378 4051 admonet.
696 4009 810 4068 Etenim,
821 4023 878 4057 oum
895 4008 987 4070 saturi,
1004 4014 1033 4057 et
1044 4008 1144 4057 deliciis
1157 4007 1231 4058 afflu-

164 4073 434 4136 unsaramma]
459 4073 526 4122 Haeo
543 4072 661 4136 nudatio
696 4088 772 4131 entes
794 4082 908 4131 homines
927 4083 978 4130 ista
996 4084 1162 4146 conquirunt,
1181 4085 1228 4132 mi·

133 4147 497 4203 familiariuesthuicPosstae·
529 4147 662 4215 Sicinfffl,
696 4159 765 4207 nime
777 4158 868 4208 mirum
880 4164 938 4208 est:
956 4165 992 4223 at,
1011 4160 1033 4209 si
1049 4158 1118 4209 idem
1130 4157 1229 4210 faciant
