2752 4694
386 313 427 362 m
451 312 616 363 neruum
640 312 796 364 onnurm
823 314 995 365 nxxxnr.
1167 299 1237 367 niu

133 448 228 511 luerit,
238 447 285 513 qni
297 445 379 513 ipsnrn
397 451 438 499 rel
452 451 562 501 oseulari
577 453 667 503 velint.
705 453 765 502 mibi
777 460 836 505 sunt
852 455 923 505 cordi
940 460 1105 506 monumenta
1119 453 1235 505 sodalis!

133 525 251 575 lunnere
269 523 382 588 tidelm,-
400 540 459 575 emn
470 542 570 592 quoqne
588 527 668 579 inissa
705 530 784 580 Cordi
795 536 844 592 est,
860 532 967 581 honeste
978 531 1087 593 dictum,
1097 531 1182 581 animo
1194 545 1235 579 se·

133 603 184 650 τῶν
192 599 438 665 vicecomis-rm
454 609 484 651 nt
500 617 589 652 omnes
599 618 668 666 euru,
705 602 759 653 det.
775 605 869 655 Luciil.
881 605 925 656 lib.
938 619 1019 656 xxrr.
1036 608 1044 635 ‘
1060 607 1096 657 Et
1107 605 1175 671 quod
1187 604 1237 656 tibi

134 676 281 742 quamlibet
298 676 443 739 puleiatum,
454 687 541 727 tannen
560 685 669 742 propter
704 694 861 743 magnopere
875 681 948 730 cordi
960 689 1011 742 est,
1020 682 1056 731 nai
1067 682 1236 730 vehementer

133 765 194 801 eam
220 750 408 813 turpitudlnear
430 752 541 801 osculari
566 751 669 817 reinge-
705 754 844 827 displipet!
860 755 945 818 Idem,
960 755 1006 805 ‘Sl
1017 756 1065 806 tibi
1074 770 1148 819 porro
1158 755 1235 806 idcir·

134 834 205 879 rent.
246 824 360 876 Videtur
379 835 466 876 antem
488 828 618 891 respicere
635 829 668 878 ed
704 843 735 878 co
755 830 845 880 isthaec
865 845 906 880 res
924 829 996 879 cordi
1015 835 1065 892 est,
1085 830 1154 894 qnod
1177 842 1235 880 rere

134 909 252 953 veterent
274 902 568 968 consuetudinemque
590 904 669 953 inter·
705 904 813 955 utilem!
831 906 939 956 Nonius.

133 977 198 1026 dmu
217 976 250 1026 ob
272 981 347 1026 certa
368 977 465 1027 delicta
484 985 547 1029 tntae
563 978 668 1030 familiae

134 1051 244 1117 pamm
255 1051 443 1103 vendebatur·
812 1032 965 1083 CARMEN
984 1032 1128 1084 LXXXII.

738 1133 752 1177 1
812 1131 858 1178 isla
886 1131 1021 1182 Quintium
1041 1146 1069 1180 ro
1088 1137 1115 1178 at
1143 1128 1236 1178 nesibl

260 1178 413 1231 CARMEN
432 1180 549 1232 LXXX·
707 1213 752 1252 aut
772 1130 889 1268 iiiicarin
908 1214 952 1255 aut
971 1216 1044 1256 certe
1065 1146 1125 1255 tide,
1139 1205 1235 1270 aliquid

170 1282 185 1327 l
205 1278 368 1343 Quiddicors]
383 1279 498 1330 Eandem
510 1287 596 1329 nomm
613 1280 668 1329 inn-
706 1280 848 1342 praeripiat.

135 1353 174 1402 rit
185 1351 283 1415 Gellio,
294 1352 342 1402 sed
354 1353 456 1416 foedine,
467 1355 629 1417 etapertius.
739 1359 754 1403 4
771 1354 819 1404 Seu
830 1357 888 1418 guid
898 1357 975 1405 corias
992 1362 1029 1406 est
1045 1354 1129 1419 oeulis]
1145 1355 1176 1405 Id
1187 1361 1239 1417 est,

168 1432 187 1478 6
198 1428 285 1492 Teate]
295 1429 447 1479 ‘'l'endere’
457 1431 483 1478 in
491 1428 613 1479 obscoenis
619 1437 669 1491 ert,
706 1442 737 1478 ec
750 1430 833 1481 carius
844 1431 923 1481 etiam
934 1445 974 1495 eo,
992 1431 1014 1482 si
1026 1432 1087 1497 quid
1099 1438 1140 1481 est
1154 1430 1237 1481 oculis

134 1503 208 1553 unde
228 1511 257 1553 et
276 1504 415 1568 ‘tentign'
438 1505 554 1554 Martini.
571 1507 670 1555 ‘Ulcnn
705 1505 799 1555 carius.

132 1577 226 1640 babet,
248 1578 344 1628 Priami
366 1578 435 1643 quod
458 1579 565 1629 tendere
588 1581 669 1643 possit

132 1655 254 1706 alutam
280 1655 377 1719 Appul.
397 1656 442 1705 lib.
461 1669 480 1705 1.
506 1654 624 1706 ‘Arcum
641 1663 669 1706 et
803 1631 955 1682 CARMEN
980 1633 1140 1683 LXXXIII·
1226 1702 1229 1707 .

107 1780 110 1785 ,
132 1731 195 1794 ipse
215 1746 301 1780 menna
322 1731 445 1782 tetendia'
471 1731 539 1781 nude
559 1739 587 1781 et
602 1733 669 1782 Den-
740 1732 866 1796 lbrrbio]
885 1734 1020 1783 Falluntur
1037 1748 1107 1795 saepe
1123 1731 1237 1782 homines

135 1821 195 1857 auru
207 1806 360 1870 reihslam,
376 1808 384 1834 ‘
396 1807 516 1868 tensam,'
531 1822 581 1855 non
591 1808 600 1835 ‘
611 1817 669 1856 ten·
706 1806 732 1854 in
737 1807 885 1869 judicandis
896 1807 984 1869 rebus,
992 1808 1152 1871 ignoratione
1163 1819 1237 1856 caus·

135 1880 211 1942 tana,'
224 1881 405 1941 nominarunt;
427 1895 462 1930 ne
474 1889 551 1945 turpe
563 1884 669 1933 verbum
705 1896 804 1942 sarnm3
822 1883 883 1932 dnm
892 1883 961 1947 qnod
973 1897 1006 1932 ex
1016 1896 1105 1932 caussa
1116 1880 1236 1946 quapiam

131 1963 243 2006 sonaret
263 1956 290 2006 in
308 1956 402 2006 saeris:
421 1956 511 2006 auctor
522 1959 669 2009 Diomedes.
705 1953 827 2006 effectum
849 1965 898 2014 est,
918 1957 954 2018 id,
977 1957 1017 2006 rel
1040 1957 1178 2006 inscientia
1196 1957 1236 2005 rel

134 2030 199 2080 Hoc
209 2045 242 2081 eo
252 2031 373 2095 cupidius
392 2033 526 2096 adscripsi,
537 2034 599 2098 qnia
614 2036 669 2084 anl-
705 2029 802 2081 affectu
829 2033 915 2096 aliquo
946 2033 1080 2093 occaeeati,
1101 2032 1135 2080 ed
1160 2031 1235 2080 aliam

135 2107 269 2169 gemulo,
285 2113 316 2156 ut
328 2102 433 2180 epium,
444 2108 568 2158 scribitur
578 2109 669 2161 ritem.
706 2106 869 2157 tolerandum
881 2116 988 2172 putent:
1004 2123 1088 2174 neque
1106 2108 1173 2158 enim
1190 2123 1238 2158 sna

134 2181 244 2231 Servius
264 2188 351 2231 tanen
370 2183 398 2230 ira
420 2183 476 2232 AEn.
499 2198 518 2232 1.
537 2185 622 2233 mnes
640 2191 669 2234 ut
707 2181 966 2245 pedamentaque
977 2181 1054 2230 robus
1065 2181 1182 2231 omnibns
1193 2181 1239 2230 de·

135 2255 292 2318 scribamus,
313 2258 447 2320 praeciplt3
470 2259 527 2318 sed,
546 2266 669 2324 quantum
706 2255 882 2306 finitacnnssa
898 2264 954 2306 est:
980 2250 1058 2305 immo
1073 2269 1136 2304 vero
1147 2263 1175 2305 et
1187 2270 1238 2306 nna

137 2344 198 2380 mea
209 2331 314 2394 quidem
326 2332 414 2395 opinio
425 2330 487 2396 fert,
496 2333 595 2397 inepte.
707 2331 849 2395 eademqne
859 2345 951 2381 caussa
969 2332 1097 2380 variarum
1115 2345 1239 2395 sepeque

172 2407 264 2472 Medis]
280 2405 351 2456 ilios
360 2408 440 2457 Siculi
457 2416 484 2458 et
497 2409 628 2459 Tarentini
639 2410 670 2459 sd
708 2409 877 2471 pugnantium
895 2420 981 2456 rernm
997 2404 1162 2456 efficientiam
1172 2407 1198 2455 in
1210 2421 1239 2459 se

135 2481 315 2544 monento
332 2484 464 2545 videlicet,
483 2492 592 2534 vocante
609 2485 670 2534 inde
706 2482 824 2532 cohibet:
851 2489 881 2532 et
904 2482 994 2532 eadem
1022 2496 1063 2531 res
1090 2496 1123 2530 ex
1152 2482 1238 2543 variis,

137 2560 167 2608 in
187 2559 315 2609 obscoenis
338 2559 454 2608 versibus
476 2567 528 2608 tarn
549 2557 670 2624 frequens
707 2558 836 2625 etiamque
853 2573 869 2608 ι
886 2573 913 2608 se
933 2559 1043 2607 invicem
1054 2557 1238 2608 dissidentibus

136 2635 217 2697 hujus
228 2635 298 2697 vocis
310 2648 370 2683 usus
382 2641 432 2684 ert.
450 2635 564 2684 Martini.
580 2636 671 2686 ‘Lam-
707 2635 805 2683 canonis
817 2633 885 2684 effici
897 2642 992 2698 potest.
1027 2635 1058 2685 ln
1073 2636 1123 2686 boc
1140 2650 1237 2699 genere

139 2707 222 2767 bebai
232 2708 329 2759 medios
340 2708 557 2773 improbelingna
568 2709 654 2759 viros?
706 2708 846 2758 fallebatur
864 2710 965 2760 Lesbiae
983 2709 1107 2771 maritusr
1124 2712 1239 2775 quicum

172 2786 189 2834 ⁷
207 2783 330 2846 Clommri]
347 2783 479 2834 Indicant.
706 2783 788 2846 ipsam
800 2786 881 2833 multa
892 2784 925 2833 de
943 2784 1056 2845 Catullo,
1075 2785 1141 2834 irato
1153 2784 1238 2834 animo

177 2858 299 2921 Virronis]
316 2858 346 2907 Iu
358 2859 424 2920 aliis,
438 2859 556 2908 unctoria:
572 2859 598 2907 in
609 2873 672 2908 non·
708 2859 794 2907 «licere
814 2859 926 2919 videret,
944 2866 1015 2909 totus
1035 2858 1166 2922 gestiebat
1178 2874 1240 2922 gau·

137 2936 220 2986 nullis
237 2936 328 2998 etiam,
347 2935 452 2997 victorie,
469 2936 515 2985 sed
532 2936 632 3000 inepte,
642 2943 672 2985 ut
708 2933 761 2995 dio,
772 2940 843 2985 retus
855 2949 888 2983 ex
899 2934 938 2983 his
949 2932 1096 2984 maledictio
1107 2949 1179 2985 snam
1190 2935 1239 2985 ribi

138 3018 215 3074 pnto.
708 3017 802 3071 postea
820 3008 939 3057 Lesbiam
965 3014 1048 3057 totam
1070 3006 1134 3069 fore,
1155 3022 1240 3073 neque

170 3084 274 3149 iidem]
291 3083 514 3135 Genitelenemen
527 3082 656 3145 intelligit.
708 3084 817 3145 amplius
845 3083 948 3132 Catullo
977 3081 1096 3131 daturam
1124 3082 1240 3146 delicias,

259 3209 412 3288 ananan
430 3208 557 3260 mu·
708 3156 1240 3296 liliml²0liltlt¹¹ii..⁰¹.⁰.{l.l

175 3319 189 3363 l
211 3311 328 3375 Nemone]
354 3308 433 3370 Vide,
446 3322 502 3371 quae
519 3308 629 3356 diximus
646 3308 672 3357 in
709 3308 888 3358 ratiocinatur.
916 3308 943 3358 Si
955 3308 1058 3372 Lesbia,
1068 3310 1163 3374 inquit,
1171 3311 1240 3360 serio

140 3388 320 3453 explicatione
337 3383 548 3450 Epigrammatis,
563 3384 609 3433 ‘0
629 3383 673 3448 qui
710 3384 871 3447 deposuisset
883 3399 994 3434 amorem
1015 3385 1076 3447 mei,
1088 3392 1142 3433 tum
1154 3399 1240 3434 mene

139 3462 262 3515 flosculus
273 3458 510 3515 eanventiorum.'
710 3460 853 3508 nominaret
872 3459 991 3523 quidem:
1015 3474 1084 3509 nnnc
1104 3475 1162 3509 cnm
1178 3461 1241 3509 mibi

175 3537 314 3600 wisanti]
325 3535 460 3600 Oppidum
470 3535 543 3584 estin
556 3534 675 3586 Umbria.
711 3540 764 3583 tem
776 3549 846 3597 saepe
858 3534 924 3583 male
945 3534 1025 3595 dicat,
1038 3536 1086 3584 hoc
1106 3536 1162 3598 ipso
1174 3535 1241 3584 indi·

174 3619 191 3664 l
208 3616 326 3666 isoarota
341 3613 453 3678 pallidior
466 3610 558 3673 duro]
575 3610 674 3669 Aurum
711 3617 763 3670 cat,
775 3610 813 3658 ita
824 3610 863 3658 uri
880 3623 917 3671 se,
932 3617 962 3658 nt
980 3617 1068 3660 tacere
1079 3624 1130 3659 non
1149 3610 1239 3673 possit.

141 3698 238 3754 suapte
247 3696 342 3739 natura
353 3688 476 3751 pallidum
485 3696 540 3737 est:
559 3688 629 3751 cnjus
638 3687 675 3735 rei
712 3685 788 3736 Quod
800 3692 887 3735 autem
898 3685 940 3734 bic
951 3684 984 3734 de
996 3685 1091 3735 Lesbia
1102 3684 1203 3738 dicitur.
1213 3682 1241 3730 id

142 3779 261 3815 canerem
271 3769 392 3827 rogatum
402 3762 558 3824 Diogenem,
570 3774 675 3823 respon·
711 3759 811 3810 καθόλου
822 3761 855 3810 de
866 3767 921 3810 toto
940 3761 1027 3811 talium
1044 3761 1180 3810 mulierum
1197 3771 1241 3820 ge·
1335 3813 1341 3833 ι

105 3878 110 3889 .
141 3839 212 3889 diere
223 3838 322 3902 ferant,
333 3852 384 3886 non
394 3837 488 3900 injuria
499 3837 605 3899 pallere,
617 3849 676 3885 eum
712 3852 774 3887 nere
786 3837 907 3887 affirmari
919 3843 1015 3900 potest.

145 3920 198 3965 tam
216 3913 310 3963 multos
329 3912 427 3962 lrabeat
445 3912 598 3961 insidiantes
618 3911 677 3961 sibi.
744 3913 856 3977 idlule]
873 3914 965 3962 Fatue.
999 3905 1241 3971 Snut,qniMulum

142 3989 260 4040 Catullus
271 4002 360 4053 snpra,
377 3987 502 4039 ‘Quanto
513 4001 583 4051 slepe
595 3986 676 4050 nangis
711 3989 847 4052 hocloco,
867 3994 897 4039 nt
917 3999 1008 4037 nomen
1030 3981 1160 4046 proprium
1182 3982 1241 4046 viri,

144 4064 247 4129 fulgore
258 4064 385 4127 expalluit
396 4061 468 4112 anri!
665 4104 669 4116 .
713 4069 887 4129 aeceperunt:
913 4075 977 4125 qnos
994 4073 1044 4124 ego
1066 4059 1135 4122 ipsos
1158 4058 1240 4113 anulos

128 4179 133 4185 .
174 4146 191 4193 5
211 4139 341 4203 Gordiani]
358 4137 400 4197 sie
419 4134 514 4201 inira,⁴
527 4136 675 4189 Parra'nrei
713 4138 792 4197 inbre
803 4137 942 4190 arbitror..
