2752 4694
142 264 207 331 452
390 280 429 327 n.
454 279 489 328 s.
513 277 661 327 nanum
686 277 989 329 aouuuursarus

142 423 179 473 bel
188 418 337 482 μνημονεύειν
346 422 391 478 τῆς
401 417 526 482 γενομένης
542 419 603 483 αὐτῇ
615 417 673 482 πρὸς
708 433 790 469 casus
802 426 852 471 est.

141 499 185 546 τὸν
195 497 314 557 Πομπηίον
324 498 422 560 ὁμιλίας,
437 496 563 559 λέγουσαν,
578 495 609 545 ὥς
629 495 671 544 obse
740 498 755 543 8
776 496 809 544 Ut
828 496 887 544 mibi
906 502 957 546 tum
976 503 1072 560 tepente
1094 499 1168 548 meum
1189 501 1239 564 esi]

141 573 180 635 ἦν,
201 573 278 634 ἐκείνῳ
298 571 542 635 συναναπαυσαμένην,
566 571 672 629 eldam
708 571 839 621 Quantum
856 586 904 633 ego
919 587 951 620 ex
969 574 1051 636 primo
1067 573 1111 622 illo
1128 580 1240 637 aspectu

141 652 256 700 ἄπελθεῖν.
288 649 374 699 Plaut.
400 649 537 710 Pseudolo,
567 646 670 708 ‘Jocu’,
702 643 912 709 judicarepotui.

141 726 227 786 ludus,
242 739 326 772 sermo
344 725 439 787 suavis,
458 723 574 784 satiatio,
595 724 671 772 Com·
738 724 754 768 7
773 720 901 783 Bithynia]
924 721 966 770 Ex
983 737 1035 785 qua
1051 736 1099 785 ego
1115 722 1182 771 haurd
1199 724 1241 773 ita

139 802 285 865 pressiones
295 807 375 849 arctae
386 807 517 849 amantum
528 812 671 862 compares,
707 796 807 858 pridem
816 798 952 857 redieram,
961 812 1019 846 cnm
1032 806 1143 860 praetore
1155 800 1240 848 Mem·

139 877 246 925 Teneris
258 875 357 924 labellis
373 877 462 926 molles
480 875 670 938 morsiuncuiae,
706 871 758 920 mio
769 872 829 921 illac
839 871 979 934 profectus.

139 951 670 1014 Papillarumhorridularnmoppressiuu·
739 949 770 993 1⁰
794 947 846 995 Nec
869 945 1022 1008 praetoribus]
1056 947 1127 996 Puto
1151 949 1239 998 laeum

139 1026 221 1076 culae!
245 1027 338 1077 Horat.
355 1029 363 1055 ⁴
376 1027 431 1075 sive
442 1041 507 1089 puer
520 1025 608 1074 furens
619 1025 670 1074 lm·
705 1022 772 1070 bunc
784 1037 835 1070 uon
847 1036 938 1072 vacare
947 1023 1058 1082 mendo;
1073 1026 1240 1087 nequeenim

138 1103 236 1167 pressit
244 1117 382 1153 memorem
391 1104 470 1152 dente
479 1102 556 1152 labris
565 1105 671 1151 uotam!
706 1099 793 1160 plures
804 1105 932 1160 praetores
943 1098 969 1145 in
984 1112 1060 1145 uuam
1076 1100 1238 1160 provinciam

705 1172 884 1221 mittebantur.
907 1170 1017 1221 fortasse
1039 1172 1174 1234 legendum
1192 1174 1238 1237 sit,

293 1229 445 1280 CARMEN
463 1231 514 1280 ῙΧ·
705 1251 867 1313 peccatoribus.

171 1332 184 1376 1
206 1327 320 1388 Veratius]
346 1328 386 1377 De
408 1327 532 1377 Verannii
554 1341 587 1376 ex
612 1326 671 1376 His·
737 1331 767 1375 ll
787 1327 836 1375 Cur
857 1325 977 1388 quisquam
995 1330 1066 1388 caput
1086 1325 1179 1374 samius
1198 1340 1238 1375 re·

138 1402 216 1464 pania
234 1401 321 1450 reditu
340 1408 368 1451 et
386 1402 435 1451 sibi
456 1409 484 1451 et
511 1403 561 1465 ipsi
581 1408 670 1465 gratu·
699 1400 790 1463 semet]
804 1401 1237 1464 Curquisquam,propterlucrum

138 1477 215 1524 latur.
705 1476 732 1523 in
745 1475 878 1538 provincis
894 1475 1003 1534 factum,
1022 1475 1161 1538 quidquam
1173 1475 1240 1538 adji-

170 1549 323 1612 Mntistee]
348 1550 400 1602 Qui
417 1550 480 1600 alios
497 1565 585 1600 omues
599 1557 669 1600 ante·
705 1555 779 1599 ceret
800 1549 833 1598 ad
854 1549 955 1599 solitum
983 1548 1067 1598 victus
1098 1550 1237 1613 cultusque

138 1623 227 1673 cedis:
245 1624 348 1673 videtur
364 1625 468 1673 ductum
483 1640 499 1674 a
515 1625 621 1685 militia;
639 1631 668 1674 ut
705 1623 877 1687 splendorem.
911 1624 982 1673 Olim
1003 1625 1172 1685 elegantiores
1190 1626 1238 1674 ho-

137 1697 173 1746 sit
183 1699 255 1761 qnasi
265 1698 408 1761 προστάτης,
419 1706 464 1750 aut
475 1699 651 1763 πρωτοστάτης.
705 1699 786 1747 mines
798 1698 912 1748 odoratis
930 1699 1066 1761 unguentis
1082 1706 1161 1760 caput
1178 1714 1237 1761 per·

169 1774 278 1822 Millibas
299 1776 421 1840 trecentis]
447 1778 609 1839 Longissima
629 1777 669 1825 in·
704 1772 812 1822 fundere
828 1772 952 1822 solebant.
970 1773 1062 1821 Horat.
1079 1773 1238 1822 ‘coronatus

138 1848 259 1909 tervallo,
272 1855 299 1895 et
310 1856 431 1910 remute3
448 1851 522 1912 quasi
533 1851 566 1900 de
575 1852 668 1900 itinere
705 1847 820 1896 uitantes
841 1847 988 1896 Maiobatro
1012 1847 1088 1909 Syrio
1109 1847 1238 1910 capillos!

137 1922 223 1984 aliquo
234 1935 318 1972 sermo
329 1930 407 1972 esset.
442 1925 668 1974 'l'receataaatem
705 1922 819 1971 Martial.
844 1921 898 1993 ‘Si²
911 1921 989 1983 sapis,
1008 1920 1114 1983 Assyrio
1133 1936 1238 1984 semper

137 1996 259 2046 dicebant
275 2013 323 2061 pro
341 1999 481 2063 quamlibet
500 2000 597 2049 multis.
624 2001 668 2049 Sic
705 1997 841 2048 tibioriuis
853 2013 952 2047 amomo
964 1999 1127 2061 Splendeat!
1145 2001 1236 2050 Plaut.

133 2073 212 2132 iufra,
230 2076 338 2126 ‘Qarare
358 2081 404 2124 aut
425 2076 667 2139 Heodecasyllabos
705 2070 808 2134 Casina,
825 2073 913 2122 ‘uude
929 2075 981 2135 hic,
993 2074 1091 2136 smabo,
1102 2081 1237 2137 unguenta

135 2155 271 2199 trecentos
281 2150 399 2212 Expecta
408 2149 424 2199 ς’
443 2158 480 2212 et,
492 2153 499 2180 ⁸
509 2151 581 2202 Quos
592 2151 667 2200 simul
705 2149 795 2197 olent?
810 2148 849 2197 st.
859 2149 901 2210 ola,
912 2151 977 2212 peri.
995 2149 1145 2198 Mauufesto
1155 2150 1237 2200 miser

135 2226 268 2288 complexa
278 2232 352 2274 tenet
362 2224 514 2275 trecentos?
704 2229 804 2274 teneor.
820 2238 893 2273 cesso
903 2231 982 2286 caput
995 2224 1072 2287 pallio
1083 2225 1206 2289 obtegere
1216 2225 1236 2273 θ’

167 2304 183 2347 8
198 2301 370 2363 Applicunsque
381 2301 475 2362 collum]
501 2300 534 2349 ld
550 2306 597 2364 esi,
617 2302 668 2350 col·
736 2306 767 2351 la
780 2301 887 2363 Praetor]
900 2301 930 2350 C.
942 2301 1080 2350 Memmius
1092 2302 1236 2352 Gemellus.

134 2376 231 2424 lumad
249 2385 276 2425 te
293 2379 403 2426 molliter
420 2378 516 2439 plicans
535 2384 563 2425 et
579 2376 667 2429 inflec·
737 2380 768 2424 ts
787 2377 855 2432 Quod
876 2376 926 2424 illic
949 2377 1040 2424 Natum
1066 2377 1154 2425 dicitur
1173 2378 1235 2440 στι]

134 2457 202 2501 teus.
239 2454 317 2501 Hunc
343 2460 442 2514 gestum
471 2453 509 2500 ita
538 2453 668 2515 expressit
704 2450 829 2512 Pecunia,
838 2464 913 2513 quam
925 2449 951 2497 iu
960 2451 1092 2513 provincia
1103 2453 1236 2516 quaesiisse

135 2527 229 2575 Horat.
246 2525 475 2588 ⁶·Cumt'ragrantia
484 2525 623 2588 detorquet
633 2525 667 2573 ad
704 2524 807 2573 diceris.
839 2525 939 2573 Eadem
955 2531 1041 2574 autem
1059 2527 1142 2590 figura
1159 2527 1237 2588 dixit,

136 2602 225 2650 oscula
240 2601 394 2651 Cervicem?
419 2602 479 2650 Mos
495 2599 623 2665 hodieque
640 2601 667 2669 iu
703 2613 738 2648 aes
756 2607 854 2660 natum,
873 2616 933 2664 qua,
952 2602 1062 2663 ‘parere
1080 2601 1236 2665 pecuniam,'

135 2677 213 2725 ltalia
231 2677 311 2739 viget,
331 2675 457 2724 abeuntes
478 2689 508 2722 ac
527 2674 666 2722 redeuutes
703 2680 748 2723 aut
765 2676 873 2736 ‘parere
885 2674 1006 2737 divitias,'
1017 2677 1133 2725 dicimus.

135 2751 230 2798 amicos
258 2750 411 2799 exosculari.
446 2748 543 2797 Oculos
579 2753 666 2798 autem
736 2753 767 2798 16
784 2751 912 2815 Homines]
939 2752 972 2800 Id
993 2757 1043 2815 est,
1064 2766 1166 2800 servos:
1194 2751 1235 2800 ita

133 2825 268 2886 praecipue
286 2823 412 2886 petebant
429 2823 532 2882 osculo;
559 2823 666 2886 quodii
701 2824 769 2872 enim
790 2839 971 2889 nonnunquam
993 2840 1037 2874 eos
1064 2825 1234 2887 peculiariter

134 2905 205 2960 suut,
217 2905 247 2947 ut
263 2900 300 2947 ait
318 2899 420 2958 Cicero,
436 2898 444 2926 ⁸
458 2898 530 2960 qnasi
544 2895 664 2948 fenestrae
700 2899 875 2962 nominabant,
886 2901 1005 2966 quodque
1017 2914 1061 2949 uos
1073 2900 1171 2962 vulgari
1183 2901 1233 2948 liu-

133 2972 252 3038 quaedam
265 2973 356 3022 animi:
369 2971 479 3036 eosque'
496 2971 546 3036 (ait
554 2972 665 3036 Plinius)
701 2987 751 3034 gua
761 2980 871 3037 utentes,
882 2976 958 3038 buJas
970 2981 1015 3024 aut
1026 2976 1093 3024 illius
1104 2975 1235 3024 hominem

132 3051 211 3098 ‘cum
227 3049 381 3110 osculamur,
400 3047 510 3095 animum
528 3047 611 3109 ipsum
629 3048 666 3096 vi·
701 3045 818 3109 dicimus,
834 3063 892 3096 cum
908 3063 1020 3111 servum,
1037 3055 1083 3098 aut
1102 3057 1174 3098 certe
1193 3048 1233 3098 sa·

132 3125 223 3172 demur
237 3122 384 3186 attingere!
401 3123 494 3171 Horat.
510 3124 518 3150 ⁴
532 3122 584 3173 Qui
595 3135 663 3170 uuae
700 3123 796 3170 mulum
807 3123 957 3188 iudicamus,
973 3124 999 3173 id
1016 3125 1109 3173 Latine
1127 3139 1232 3187 quoque

133 3197 265 3258 Hesperia
291 3210 378 3258 sospes
405 3196 437 3245 ab
464 3197 555 3245 ultima
588 3196 663 3245 Caris
700 3199 782 3261 probe
800 3200 935 3250 admodum
952 3201 1056 3251 dicitur.
1079 3203 1135 3252 Cic.
1158 3201 1232 3250 ‘Ho-

132 3270 213 3318 multa
232 3271 370 3327 sodalibus,
391 3270 462 3318 Nulli
482 3271 556 3331 plara
575 3278 662 3320 tamen
700 3275 794 3324 minem
821 3276 853 3326 P.
877 3278 978 3329 Qrsiutii
1004 3276 1176 3340 deprehendis
1203 3279 1233 3327 iu

133 3344 227 3393 dividit
243 3347 339 3404 oscula,
357 3344 440 3395 Quam
460 3343 529 3413 dulci
548 3344 662 3394 Lamiae!
700 3350 821 3410 publico:
838 3353 939 3401 conaris
956 3353 1101 3402 abducere:
1118 3367 1170 3401 non
1187 3368 1234 3416 pa·

30 3417 34 3427 ’
133 3419 167 3471 Q·
176 3419 231 3468 Cic.
243 3419 343 3480 Tironi,
354 3420 362 3447 ‘
375 3420 431 3480 Ego
443 3433 488 3468 vos
500 3419 532 3467 ad
545 3432 587 3467 ιιι.
606 3419 662 3468 cu.
701 3423 766 3471 titur
778 3423 932 3486 Alpheum?

132 3493 244 3553 videbo;
263 3501 373 3557 tuosque
391 3494 487 3555 oculos,
503 3493 582 3543 etiam
598 3493 619 3541 si
635 3500 663 3541 ts
734 3500 764 3547 17
782 3498 932 3561 Beatiorum]
950 3498 1123 3551 Diuitiarum:
1139 3501 1232 3552 beatos

131 3568 238 3616 veniens
260 3568 286 3616 iu
308 3568 394 3617 medio
413 3567 469 3618 foro
492 3569 594 3631 videro,
613 3567 664 3617 dis·
700 3571 767 3621 enim
783 3572 920 3636 vocabant,
936 3577 980 3638 qui
998 3575 1157 3625 abundarent
1173 3579 1230 3639 opi-

135 3642 288 3692 saaviabor!
700 3645 756 3695 bus.
768 3646 853 3696 Plaat.
865 3646 990 3698 Poeuolo:
1008 3651 1016 3678 ‘
1028 3650 1127 3700 Aurum
1138 3653 1164 3699 iu
1176 3651 1230 3701 for·

700 3726 761 3770 tuna
772 3722 917 3774 iuvenitur:
935 3732 1028 3774 natura
1040 3727 1170 3789 ingenium
1183 3726 1229 3775 bo-

295 3771 446 3820 CARMEN
464 3772 500 3820 'X’
698 3809 768 3845 num.
789 3798 897 3862 Beuum,
907 3814 964 3863 ego,
974 3815 1050 3863 quarn
1064 3801 1177 3861 beatam,
1187 3816 1229 3849 me

158 3875 179 3919 -1
201 3869 289 3934 Varus]
305 3869 471 3921 Quinctilium
487 3871 584 3921 Varum
601 3872 663 3922 Cre·
699 3885 765 3931 essa,
775 3873 852 3922 nimio
863 3874 914 3924 dici
923 3875 1039 3926 mavolo?
1050 3876 1093 3924 Sic
1101 3883 1127 3925 et
1139 3877 1228 3925 Graeci

65 3958 68 3964 ·
132 3958 279 3995 monentem
299 3945 373 4007 dicit,
395 3946 522 3995 hominem
539 3946 601 3996 beili
617 3963 662 4010 pa·
698 3950 1003 4012 uouuuuqnamhomiues
1019 3951 1138 4013 copiosos
1155 3949 1230 3997 εὐδαί-

133 4019 511 4084 cisqueartibusclarissimum,
520 4023 662 4086 quipostea
697 4039 768 4082 μονοις
779 4030 882 4075 vocant.
899 4026 990 4089 Eurip.
1007 4025 1115 4074 flandren
1126 4025 1145 4072 δ’
1157 4025 1228 4087 ἀπομ-

133 4093 160 4142 iu
181 4095 319 4147 Germania
338 4112 396 4148 cum
420 4097 501 4148 tribus
518 4095 661 4162 legionibus
697 4097 789 4162 palmos
800 4098 989 4161 ἅσθςνεΐςηόμοι.
1014 4101 1061 4158 τὴν
1070 4100 1113 4161 μὲν
1127 4101 1173 4166 γὰρ
1191 4103 1228 4149 εὐ-
