2752 4694
583 354 670 403 aaut
695 355 824 407 nom
848 359 878 407 Il.

465 750 587 825 JANI
629 749 823 827 DOUSAE
862 753 986 828 FILII

706 924 746 971 IN

322 1071 365 1150 Q.
417 1071 749 1138 VALERIUM
800 1073 1134 1140 GATULLUM

211 1265 800 1359 CONJECTANEA
854 1272 949 1359 ΕΤ
1001 1269 1253 1361 NOTAE.

575 1525 874 1550 ——-·—,

364 1690 486 1742 CAPUT
501 1691 525 1743 1.
750 1694 935 1759 existimarem,
945 1693 1085 1745 collocator
1102 1691 1129 1741 iu
1145 1705 1178 1740 ea
1195 1690 1285 1741 laudis

182 1764 367 1816 ‘Pumientuu'
398 1769 619 1835 Exclamatinnem
628 1769 636 1798 ‘
644 1769 709 1832 Jup·
750 1784 810 1818 arce
821 1785 897 1834 quam
905 1771 937 1820 ad
945 1784 1045 1820 omnem
1054 1765 1215 1832 posteritatis
1227 1780 1286 1815 me-

212 1841 294 1903 piter'
316 1843 473 1904 respondere
496 1845 590 1895 Graeco
616 1844 635 1893 ὣ
658 1847 709 1895 Ζεῦ.
749 1846 857 1894 moriam
878 1845 928 1895 tibi
950 1843 1175 1894 exaedificantem:
1199 1840 1286 1890 facite

180 1936 195 1951 -·
212 1915 307 1964 Eubuli
326 1917 424 1974 Comici
443 1933 529 1968 versut
547 1921 663 1970 distincti
682 1928 710 1971 et
749 1921 791 1972 me
799 1923 824 1971 in
834 1937 891 1972 eam
899 1922 1052 1973 sententiam
1062 1917 1179 1984 pertrahi
1188 1932 1285 1981 pannus
1325 1948 1328 1955 ·

211 1990 342 2040 illustrati.
360 1993 486 2044 Quadam
497 1995 644 2045 Catulliana
651 2011 709 2047 cum
750 2012 815 2058 eum,
831 2002 860 2046 ut
877 1997 939 2046 nihil
949 1994 1181 2046 eruditissimorum
1191 1992 1285 2042 Inter-

198 2066 313 2116 'Graecie
331 2068 435 2118 collata.
477 2070 611 2120 StudInuut
633 2071 710 2121 Calli-
749 2079 852 2135 prelum
870 2073 1007 2135 majestate
1024 2067 1215 2129 deterritna‚in
1232 2067 1286 2118 Irae

211 2143 294 2190 maelii
314 2142 428 2192 imitator
443 2146 576 2195 Catullus:
593 2146 710 2209 ejusdem
750 2145 815 2195 uilia
824 2146 845 2195 ti
857 2146 925 2210 quod
935 2144 1048 2195 materiae
1057 2146 1208 2206 superesset
1219 2155 1288 2191 non-

183 2236 187 2245 ·
209 2214 319 2266 illustria
341 2219 469 2268 sententia
494 2234 528 2269 ex
550 2220 661 2271 Platone
682 2229 710 2271 et
750 2220 812 2270 rium
822 2220 855 2270 eb
867 2220 923 2269 aliia
934 2219 1077 2281 eduinum,
1086 2214 1226 2267 efformare
1241 2222 1287 2265 'at-

161 2349 166 2364 Ι
212 2290 319 2355 Orpheo
339 2306 470 2356 expressa.
503 2294 603 2344 Seneca
623 2296 710 2358 Tragi-
750 2296 947 2361 queexaeciare
964 2301 1104 2354 tentarem,
1119 2297 1148 2342 el
1164 2293 1287 2355 npisali-

186 2382 257 2418 ena
277 2368 439 2419 emendatus.
484 2370 605 2434 Lucilius,
626 2370 709 2420 Hora·
749 2371 811 2435 quid
838 2369 932 2421 afferre
963 2369 1114 2434 politissimo
1140 2366 1286 2430 scripturi,

210 2444 274 2503 tius,
299 2443 436 2492 Petronius
456 2442 590 2493 illustrati.
631 2445 710 2493 ‘Nox
749 2447 893 2510 prasertim
910 2446 942 2494 iia
958 2446 984 2494 in
1001 2444 1077 2506 locis,
1087 2442 1131 2505 qui
1147 2447 1194 2492 ant
1210 2456 1293 2491 meu-n

209 2530 270 2578 uua,
280 2516 367 2579 lunga,
377 2517 481 2566 nltima’
492 2518 525 2566 de
533 2519 630 2568 Morte.
647 2520 655 2547 ‘
666 2520 709 2569 Vi·
750 2520 806 2570 doni
817 2527 863 2570 aut
872 2519 976 2570 obscuri
987 2525 1033 2568 aut
1049 2533 1065 2566 a
1075 2516 1179 2565 nemine
1192 2516 1288 2566 hacte-

129 2616 135 2625 ·
211 2591 270 2640 duae
281 2591 389 2640 unctes?
749 2607 796 2643 uus
809 2595 872 2644 salia
883 2594 1007 2657 explicati
1017 2598 1114 2642 eruent.
1146 2590 1190 2641 An
1210 2592 1286 2655 prin·

178 2688 183 2699 ι
210 2665 398 2715 Quuunuuvrs
414 2666 440 2714 in
459 2669 642 2731 perpurqaudo
659 2671 708 2720 Ca·
748 2669 843 2732 cipium
854 2670 927 2733 hujus
935 2668 1011 2720 libri:

178 2739 244 2790 tullo
261 2739 406 2790 laboratum
412 2741 569 2806 Jampridenu
579 2745 613 2794 ait
624 2745 709 2795 adue·
760 2745 763 2750 ’

178 2818 284 2868 tinaimIs
298 2833 331 2869 en
346 2834 409 2870 eura
429 2836 461 2871 ac
479 2821 622 2888 diligentia,
632 2841 708 2890 quarn
916 2797 1068 2848 CARMEN
1085 2795 1108 2845 Ῑ·

177 2893 330 2946 merebatur
340 2894 442 2947 Auctor
456 2903 561 2962 tantuu3
579 2908 665 2950 tamen
675 2915 709 2950 ex
781 2899 796 2943 l
814 2895 878 2952 Qtlm'
887 2897 947 2944 dont
960 2897 1062 2960 lepidum
1078 2909 1162 2946 mn
1177 2895 1288 2947 Mun

175 2975 232 3019 tam
254 2969 329 3020 uberi
350 2986 434 3021 meme
458 2973 543 3036 spicae
569 2975 708 3024 etiamnum
749 2970 1145 3035 Atilamodopumiceexpuiitum]
1163 2971 1288 3035 Respex-

177 3044 277 3111 aliquaa
286 3060 344 3096 etue
356 3047 449 3113 reliqui
460 3050 564 3112 erroris,
572 3065 630 3113 quaa
642 3065 658 3098 a
666 3065 710 3100 no.
749 3045 800 3095 ime
810 3047 879 3095 Ptin.
890 3047 953 3096 Nat.
964 3047 1036 3095 Hist.
1047 3046 1093 3096 liu.
1101 3058 1193 3096 xxxv.
1205 3061 1231 3097 e.
1241 3052 1287 3098 21.

176 3119 217 3168 bia
243 3119 297 3184 legi
321 3129 479 3187 mereantur,
505 3131 584 3189 atque
612 3125 709 3190 aliquid
749 3119 788 3170 Iris
807 3121 905 3184 verbis,
920 3121 991 3170 ‘Sed
1008 3131 1037 3171 et
1056 3122 1075 3170 ii
1094 3121 1222 3184 pumicea,
1238 3126 1289 3187 qui

177 3198 256 3247 etiam
277 3198 310 3248 ab
335 3200 386 3249 illle
414 3201 531 3251 telletum
558 3201 710 3264 desiderari,
750 3201 810 3245 sunt
826 3197 852 3245 iu
870 3212 918 3246 um
929 3211 1067 3260 corporum
1084 3196 1289 3260 imitandorum

176 3271 244 3337 quod
254 3273 326 3322 novis
337 3274 527 3337 operitexpleri
536 3281 612 3339 atque
621 3277 710 3326 sarciri
749 3267 866 3334 faeminis,
877 3271 933 3334 jem
951 3271 1053 3334 quidem
1070 3277 1099 3321 et
1109 3271 1182 3334 viria,
1193 3279 1289 3336 atque,

176 3345 270 3408 putuit,
278 3345 353 3395 facile
364 3347 426 3395 milri
434 3348 501 3412 aequi
511 3363 600 3397 omnen
611 3355 639 3398 et
648 3350 710 3400 boni
749 3350 779 3393 ut
799 3345 838 3394 ait
859 3345 983 3407 Catullus,
1000 3345 1090 3410 lIbris,'
1107 3347 1153 3396 alii
1174 3362 1288 3399 moune-

176 3417 284 3469 debuut.
317 3421 412 3484 Neque
422 3423 490 3471 enim
507 3423 532 3471 in
544 3423 620 3472 ullius
630 3424 709 3473 hnmi-
749 3425 818 3468 runt.
851 3420 920 3469 Illud
940 3434 991 3469 non
1011 3423 1118 3484 perinde
1136 3424 1289 3490 vulgatum,

110 3505 117 3518 ³
176 3495 217 3544 nis
228 3508 285 3546 eme
296 3495 408 3547 arbitror
419 3505 558 3562 potestate,
569 3506 599 3549 ut
613 3501 708 3550 extran-
746 3493 863 3544 hoquea
880 3495 1055 3558 ‘pumictlot'
1071 3496 1166 3559 (littus,
1176 3499 1223 3563 qui
1234 3500 1288 3552 hoc

176 3567 227 3620 rial
238 3571 401 3637 sequentinm
411 3573 572 3638 ingeniorum
581 3574 708 3626 ioecundi·
746 3569 877 3633 levigandi
888 3570 1003 3632 corporis
1017 3571 1114 3633 studio,
1124 3573 1180 3622 sire
1192 3577 1288 3637 potina

176 3649 266 3709 tatem,
277 3646 421 3710 prasertim
432 3649 459 3697 in
470 3650 519 3699 hon
531 3650 626 3708 studio,
637 3649 707 3714 quod
746 3643 845 3704 morbo,
856 3643 1017 3696 laborabant.
1040 3646 1108 3695 Piin.
1118 3646 1181 3697 Jun.
1195 3650 1290 3713 Epist.

176 3719 250 3770 velut
265 3718 355 3771 Αἰτίαι
366 3728 417 3786 eat,
428 3731 455 3773 et
472 3724 499 3773 iu
510 3740 569 3789 quo,
584 3731 614 3773 ut
624 3725 650 3772 iu
662 3726 708 3773 lm-
746 3716 791 3767 lib·
809 3730 841 3767 11·
857 3718 927 3770 ‘Qui
949 3719 1040 3771 titulus
1061 3735 1077 3770 a
1096 3722 1151 3771 vita
1171 3723 1289 3776 hominis

59 3848 66 3856 ‘
175 3806 258 3844 mane
279 3795 342 3844 vite
360 3797 497 3859 cnrrIculo,
519 3812 648 3864 nunqnam
670 3799 709 3846 ita
747 3791 826 3841 couti
836 3805 938 3856 temper
952 3802 980 3843 et
990 3797 1115 3858 puminati
1125 3811 1177 3847 uon
1189 3799 1290 3850 abhor-

79 3885 84 3894 ·
177 3862 312 3934 quitquam
339 3870 406 3920 bene
433 3873 547 3928 rationes
574 3870 707 3934 subduxit,
747 3866 847 3917 rebalz'
863 3868 1038 3921 Martiallib.
1051 3885 1077 3921 v.
1092 3871 1147 3921 ‘Et
1163 3875 1288 3935 pumina-

174 3944 261 3997 ‘Quin
273 3960 325 4008 ree,
337 3953 409 4007 artua,
419 3963 481 3997 usus
497 3961 600 4012 semper
611 3946 708 4010 aliquid
747 3949 775 3993 tn
796 3958 923 4007 pauperet
947 3960 1025 3995 manu
1049 3949 1207 3998 menstruat’
1232 3950 1287 4003 lruc

176 4027 299 4084 apportet
309 4022 389 4072 novi!
421 4023 497 4074 Quod
509 4037 568 4071 eum
583 4022 707 4085 viderem,
748 4019 873 4084 pertiuuit
889 4026 917 4069 et
933 4020 1290 4078 illudLuciliiiib.vrr.Sn·
1331 4035 1335 4045 ’

176 4109 259 4161 neque
272 4111 382 4146 nummos
394 4097 452 4146 illua
464 4098 531 4146 vitos
542 4099 609 4146 viam
620 4104 708 4161 poste·
750 4103 875 4158 lyrarum,
887 4096 1161 4164 ‘Scab0r,eubvellor,
1169 4101 1287 4169 desqua.

177 4169 274 4220 riorum
292 4170 429 4220 industriae
447 4170 580 4223 obstruere
599 4174 709 4225 voluisse
747 4170 951 4236 moqpumicor,
968 4173 1063 4226 eruor?
1098 4175 1153 4228 Ubi
1169 4178 1286 4247 εἱαμ-
