2752 4694
558 325 597 374 ru
622 323 840 376 caroenum
1183 313 1248 377 711

149 468 206 518 rim.
228 467 260 518 ld
270 480 318 530 ego
329 464 397 516 inter
406 470 502 517 catera
510 466 601 530 selegi,
611 467 681 532 qnod
721 468 853 516 Semotum
875 480 890 515 a
909 467 978 518 curis
998 467 1092 518 adhibe
1110 482 1198 519 veram
1216 471 1251 520 ad

149 543 223 591 vobis
235 539 402 609 (Auditores)
417 542 465 591 hoc
476 557 543 591 anno
554 542 681 606 interpre·
720 542 857 605 rationem,
874 542 915 591 Ne
931 557 990 592 mea
1008 543 1076 593 dona
1095 544 1145 594 tihi
1163 546 1250 595 studio

149 624 229 667 tarer.
262 617 409 666 Potuisaem
427 624 454 666 et
472 618 532 678 alia,
548 617 595 666 sed
614 632 682 666 nnnc
720 617 837 681 disposta
846 615 927 680 fideli,
939 614 1078 670 Intellecta
1089 622 1160 683 prins
1172 637 1250 685 quam

147 694 187 743 ita
199 694 259 742 mihi
275 694 375 754 risum;
393 709 462 755 nam,
479 694 501 742 si
519 693 545 741 id
557 693 681 758 facerem,
720 693 943 756 sint,contempta
954 693 1100 759 relinquas!
1128 696 1251 747 Putoau-

150 772 262 832 primurn
280 769 398 820 videbam
416 769 481 832 fore,
496 768 556 833 (sed
568 783 614 818 cur
626 784 679 818 om·
721 775 774 817 tern
784 767 846 816 mihi
859 774 914 817 tuto
925 768 1005 818 licere
1016 769 1042 817 in
1051 769 1089 818 his
1097 770 1250 822 humsniori·

149 847 221 894 nium
231 846 354 896 rationem
363 846 435 895 vohis
446 844 569 896 afferam?
581 854 678 910 partes,
720 842 768 892 bns
786 843 870 893 literis
891 857 974 893 meam
994 845 1148 894 sententism
1168 843 1250 896 libers

148 922 261 985 qnashic
272 922 395 983 sustineo,
406 923 542 987 quicquam
555 922 615 971 mihi
628 937 679 971 non
720 919 900 981 pronunciare,
918 918 1124 983 quandoquidem
1141 921 1197 969 sine
1213 921 1250 969 nl·

147 995 314 1059 concedent)
323 1004 352 1046 nt
361 997 499 1046 etiamsine
509 997 679 1062 rationeque
720 995 769 1044 lios
788 994 904 1057 periculo
920 1008 951 1043 ac
971 993 1127 1043 detrimento
1149 994 1175 1042 id
1193 995 1250 1043 beri

147 1070 238 1119 saitem
250 1071 355 1134 publice
364 1087 379 1119 a
388 1086 429 1120 me
439 1071 573 1133 reddatur,
583 1071 679 1136 aliquid
720 1070 890 1119 animadverti
900 1085 908 1130 ;
919 1083 1004 1133 neque
1013 1069 1081 1117 enim
1090 1068 1131 1118 hic
1142 1075 1187 1118 aut
1197 1069 1250 1117 ani·

145 1145 365 1209 aggredipossim.
386 1148 476 1207 Certe,
486 1147 530 1210 qni
541 1148 603 1196 mihi
613 1149 679 1197 hauc
719 1160 776 1194 mus
794 1151 891 1207 noster,
911 1152 956 1195 aut
976 1158 1018 1194 res
1038 1143 1180 1204 familiaris,
1203 1151 1250 1194 aut

146 1222 308 1284 provinciam
340 1221 536 1283 demandarunt,
564 1222 679 1271 homines
719 1222 868 1285 cujusquam
879 1221 947 1269 salua
960 1220 1133 1283 periclitatur.
1168 1222 1249 1283 Ergo,

145 1296 349 1360 prudentissimi,
358 1288 443 1344 meam
453 1296 501 1345 hac
513 1297 538 1344 in
551 1310 579 1344 re
592 1297 679 1346 volun·
717 1303 856 1360 postquam
874 1309 925 1344 non
945 1295 1107 1345 incommoda
1125 1310 1154 1345 se
1173 1296 1249 1346 nobis

144 1377 226 1420 tatern
237 1373 348 1420 soiutam
360 1385 416 1421 esse
428 1372 577 1432 voluerunt;
589 1371 678 1422 horum
718 1372 820 1434 praebet
830 1370 931 1420 occasio
942 1370 1015 1433 hujus
1025 1371 1062 1419 rei
1071 1371 1249 1422 demonstran·

143 1466 189 1499 voa
207 1449 337 1513 judicium
360 1449 433 1513 sequi
459 1449 548 1511 decet,
569 1463 677 1514 quorum
717 1446 769 1509 dae,
788 1460 882 1510 vosque
894 1445 922 1495 id
934 1446 1004 1510 quod
1016 1460 1196 1512 nonnunquam
1209 1446 1249 1496 t'a·

143 1525 310 1590 prudentiam
333 1530 361 1573 et
382 1524 533 1572 industriam
554 1523 580 1572 in
600 1524 677 1573 rebus
715 1522 855 1578 miliaribus
866 1522 893 1573 in
903 1521 1064 1572 sermonibus
1080 1521 1159 1588 (serio
1169 1537 1202 1572 ne
1213 1538 1247 1573 aa

143 1602 254 1665 publicis
267 1600 485 1662 administrandis,
502 1601 614 1663 probant
625 1615 677 1649 om·
712 1597 799 1662 jocoi)
817 1612 858 1646 me
867 1597 998 1647 dicentem
1010 1598 1154 1659 audivistis,
1169 1612 1245 1648 nosse

142 1676 408 1739 nes,etadmirantnr.
422 1675 676 1740 Atqucegoqnidem
717 1674 853 1738 plurimum
865 1671 1200 1734 averemihisignihcastis3
1219 1687 1246 1721 a·
1271 1695 1281 1712 κ

143 1762 199 1800 earn
221 1750 332 1800 fortasse
355 1751 423 1814 apud
447 1765 491 1799 vos
514 1751 676 1815 eruditionis,
714 1748 954 1813 gite,experianrini
967 1749 1024 1812 jam
1033 1746 1094 1812 quid
1104 1747 1253 1819 rationibus

136 1826 238 1888 judicii,
255 1826 401 1889 probitatis,
416 1826 559 1890 dirigentia
576 1827 675 1890 opinio·
716 1826 784 1876 effici
797 1827 890 1890 possit;
910 1832 946 1890 et,
956 1841 989 1875 arr
1001 1826 1026 1876 vi
1036 1832 1244 1888 argumentorum

141 1915 201 1950 nem
220 1901 253 1968 (si
272 1903 298 1951 id
315 1903 391 1951 modo
408 1917 424 1951 a
439 1917 479 1950 mc
491 1902 543 1951 dici
554 1917 611 1951 mea
622 1916 676 1952 mo·
716 1903 839 1967 consequi
847 1902 934 1964 liceat,
946 1908 976 1951 ut
987 1906 1039 1951 tam
1051 1907 1131 1951 arctae
1142 1914 1245 1963 compe-

143 1977 227 2025 destia
237 1975 365 2039 patiatur)
379 1991 435 2026 snm
446 1978 572 2026 hactenns
584 1992 675 2028 conse·
713 1979 770 2040 des,
779 1978 869 2042 quibus
877 1978 1002 2027 hactenus
1012 1976 1147 2026 constricti
1159 1977 1244 2041 poeta
1292 1979 1295 1988 ’

144 2060 221 2101 cutus
239 2059 269 2101 nt
288 2052 401 2101 omnium
420 2051 548 2102 factorum
559 2068 675 2102 meorum
713 2052 836 2103 incedere
844 2053 932 2104 coacti
940 2059 1010 2116 sunt,
1018 2050 1123 2101 undem
1132 2051 1245 2114 aliquau-

142 2129 210 2178 ratio
221 2143 272 2177 non
285 2129 319 2177 sit
331 2127 402 2177 vobis
414 2135 472 2191 post
489 2131 538 2179 hac
555 2144 623 2180 ame
634 2145 675 2180 se·
715 2129 748 2177 do
760 2128 932 2191 disjiciuntur.

141 2204 227 2253 verina
250 2202 388 2265 exigenda.
420 2202 548 2267 Equidem
570 2218 673 2267 semper

141 2278 218 2327 enixe
235 2291 341 2340 operam
359 2277 429 2339 dedi,
446 2288 475 2327 ot
491 2278 555 2328 nihil
575 2286 673 2329 temere
800 2253 1012 2307 PRAELECTIO
1023 2255 1163 2305 TERTIA·

140 2352 236 2403 fecisse
252 2351 335 2402 videri
345 2367 465 2416 possam:
484 2355 510 2403 id
530 2369 562 2403 an
580 2354 672 2405 fuerim
746 2355 844 2403 Ferunt
863 2355 933 2418 apud
952 2354 1165 2405 Lacedaemonios
1182 2356 1241 2418 iege

140 2436 304 2492 consecutus,
325 2435 439 2479 vestrum
461 2430 512 2480 erit
536 2431 673 2493 judicium.
713 2429 774 2479 olim
785 2435 890 2479 centnm
912 2429 1044 2493 furiasque
1060 2437 1176 2485 veterem
1188 2446 1243 2481 mu·

139 2505 233 2566 ncne
249 2519 293 2554 vos
312 2504 449 2569 perturbet
468 2506 543 2569 paulo
564 2506 673 2570 impedi·
713 2506 793 2556 sicam
810 2506 863 2554 ullo
880 2513 958 2569 pacto
974 2505 1068 2556 liceret
1088 2507 1241 2566 immutare;

139 2581 190 2629 tior
201 2586 229 2630 et
240 2579 374 2629 obscurior
388 2580 462 2644 hujus
474 2581 598 2643 podmatii
615 2597 672 2633 car·
711 2583 833 2647 quocirca
843 2582 999 2646 Terpander
1010 2582 1103 2632 nobilis
1113 2584 1242 2646 cytharoe-

138 2655 371 2719 minimumque
389 2655 613 2707 ahomnibusnon
628 2673 671 2708 eo-
713 2658 761 2708 dus
788 2659 822 2708 ab
850 2658 961 2723 Ephoris
989 2658 1112 2709 multatus
1139 2659 1244 2720 dicitur,

139 2728 199 2778 dem
210 2737 288 2792 pacto
299 2731 458 2793 explicatum
476 2734 576 2784 omissis
586 2734 627 2797 iis,
638 2735 672 2785 de
713 2740 854 2797 propterea
864 2733 933 2798 qnod
949 2746 1026 2782 unam
1038 2734 1160 2783 chordam
1172 2735 1242 2782 ultra

138 2803 230 2868 quibus
253 2806 421 2857 eruditissimi
445 2800 494 2857 vi'ri
513 2810 672 2873 jampridem
712 2815 846 2871 receptum
864 2821 997 2857 numerum
1016 2808 1148 2856 variandae
1170 2799 1242 2858 vocis

137 2894 183 2929 nos
196 2880 392 2943 admonuerunt,
404 2883 519 2932 conabor
533 2883 670 2933 ostendere
713 2881 798 2944 gratia
816 2881 978 2943 intendisset,
997 2881 1042 2944 qui
1062 2881 1193 2944 cytharam
1216 2884 1242 2932 ei

137 2957 164 3006 in
175 2959 329 3007 carminibus
342 2958 485 3020 pangendis
495 2972 545 3006 non
554 2972 612 3007 esse
621 2959 670 3008 hac
710 2955 858 3004 auferentes
868 2955 940 3004 clave
952 2954 1125 3007 confixerunt.
1158 2956 1241 3019 Phry·

138 3039 217 3082 atate
229 3046 272 3082 eas
284 3034 356 3094 leges
368 3034 513 3082 necessario
524 3034 669 3085 custodien-
710 3031 776 3080 nidis
788 3030 867 3080 etiarn
886 3029 977 3079 musici
992 3028 1057 3083 flues
1077 3030 1141 3078 duas
1151 3030 1184 3079 de
1196 3045 1241 3079 no·

102 3094 108 3115 ‘
137 3107 194 3169 das,
213 3122 275 3172 quas
292 3108 362 3168 oiim,
382 3121 439 3156 curn
457 3109 567 3158 Latinus
584 3123 669 3159 sermo
711 3104 1242 3168 remEcropesprornspraesciditascia,

137 3185 215 3247 vulgo
226 3184 341 3232 sincerus
352 3189 380 3231 et
392 3183 556 3246 incorruptus
565 3199 670 3248 usurpa·
710 3181 818 3242 addens,
832 3194 864 3228 ne
875 3179 1027 3229 maleficium
1043 3180 1149 3230 musicae
1160 3181 1241 3231 int'er·

136 3260 223 3320 batur,
234 3259 358 3308 custodiri
370 3267 501 3323 oportere,
511 3275 557 3310 uos
576 3261 669 3312 (1111111-
710 3261 759 3306 ret·
793 3255 862 3304 Item
877 3255 1047 3319 Timotheum,
1065 3271 1123 3306 cum
1142 3257 1164 3307 is
1178 3259 1241 3308 attin

135 3335 223 3384 nratici
234 3334 387 3382 docuerunt.
405 3334 465 3384 Scio
475 3350 524 3398 ego
533 3336 670 3387 absurdam
710 3347 764 3382 snae
786 3336 922 3382 certamen
950 3331 1052 3382 Craniia
1076 3332 1241 3395 instituisset,

134 3412 202 3458 hanc
214 3409 369 3458 sententiam
388 3411 518 3476 plerisque
535 3413 618 3463 visum
629 3414 671 3478 iri,
681 3440 684 3445 ·
710 3422 773 3457 1111111
785 3423 818 3458 ex
829 3408 939 3471 Ephorit
948 3415 1051 3472 sumpto
1063 3411 1148 3460 cultro
1159 3413 1239 3461 inter·

135 3493 213 3549 atque
225 3485 323 3535 idcirco
334 3485 400 3546 fore,
418 3493 448 3536 ut
464 3487 565 3539 indicte
579 3504 670 3539 caussa
710 3486 821 3550 rogavit,
839 3491 898 3535 utta
919 3500 952 3534 ex
973 3492 1047 3549 parte
1063 3488 1171 3538 chordas
1194 3489 1239 3537 ab·

137 3562 282 3627 aliquorum
296 3560 398 3625 judicio
415 3564 535 3625 protinus
547 3566 669 3630 explode·
708 3562 849 3624 scinderet,
872 3575 930 3625 quaa
953 3563 1129 3626 septenarium
1150 3580 1238 3615 nnme-

135 3647 188 3689 tnr.
231 3637 295 3700 Sed,
317 3651 472 3702 quocunque
494 3641 599 3691 taudem
626 3657 668 3692 res
709 3652 765 3688 rum
777 3637 943 3688 excederent.
981 3639 1247 3689 Sedetalicubimo··

135 3728 227 3764 casura
238 3714 281 3777 sit,
292 3713 357 3763 libet
368 3714 449 3776 ipsam
463 3716 536 3766 vobis
548 3719 667 3782 aperire;
708 3728 762 3764 rem
775 3713 847 3762 11111111
860 3713 999 3763 invaluisse
1019 3714 1176 3778 praedicant,
1187 3715 1237 3762 imo

134 3790 293 3855 nequeenim
304 3790 667 3855 quicquidhactenurinaudi·
706 3791 878 3855 legecautum
897 3788 977 3839 fuisse
997 3790 1143 3853 perhibent,
1160 3798 1198 3851 ut,
1215 3791 1237 3838 si

134 3872 188 3914 tum
206 3863 264 3927 tuit,
284 3864 406 3914 continuo
426 3867 500 3929 rejici
522 3868 618 3930 debet;
634 3885 665 3920 ac
707 3867 763 3931 quis
775 3871 849 3915 retus
861 3864 965 3929 aliquod
978 3865 1124 3916 institutum
1135 3872 1237 3915 mutare

131 3939 191 4000 jure
203 3951 259 3987 cum
276 3940 400 3990 Lucretio
416 3940 481 3990 iliud
498 3943 559 3992 mihi
576 3944 665 3999 videar
707 3942 794 4004 vellet,
804 3948 849 3990 aut
859 3955 950 3991 novam
965 3941 1167 4005 aliquamlegem
1179 3958 1238 3995 sne·

136 4027 213 4076 posse
225 4028 357 4080 usurpare,
372 4032 424 4082 quo
441 4017 496 4080 ipse
513 4019 665 4070 Memmium
707 4018 779 4079 dere,
789 4017 816 4066 id
827 4031 878 4066 nou
896 4015 972 4066 aliter
991 4016 1017 4065 ei
1034 4014 1120 4064 facere
1132 4017 1236 4077 liceret,

134 4106 207 4141 suum
228 4092 387 4155 alloquitur:
416 4095 511 4146 ‘Quod
539 4103 667 4161 superest,
707 4094 818 4159 quamsi
829 4093 923 4143 collum
934 4090 960 4138 in
971 4091 1091 4154 laqueum
1108 4087 1237 4155 indueret,

133 4181 227 4218 vacuas
240 4167 308 4218 auris
323 4169 393 4234 mihi,
410 4171 578 4236 Memmiads,
597 4182 627 4224 et
638 4181 666 4225 tc
708 4178 746 4234 ot,
758 4169 808 4219 nisi
820 4167 900 4218 calex
911 4166 1009 4230 populo
1017 4164 1237 4230 probatafnisset,
