2752 4694
183 303 249 369 784
533 312 650 364 nunu.
674 310 797 363 atrito
822 313 929 363 uuum

184 460 240 511 orbe
256 472 331 524 porto
350 458 614 508 monstrosarum.
648 457 714 507 Hire
752 457 823 506 tbum
843 454 969 506 fundatur
984 455 1064 521 orbis,
1080 459 1178 507 ettota
1189 453 1287 505 rubeu-

182 540 296 604 Μυκη
304 535 441 599 jimuinrtae
453 535 608 601 prodiderunt
625 548 713 596 parpa-
752 532 816 582 tium
831 530 952 582 foliorum
968 533 1096 596 pandatur
1107 532 1227 595 ambitio,
1237 533 1286 581 inr-

185 630 229 664 νο.
262 613 357 662 Hm
374 612 542 674 adsensum
551 609 639 659 meso
648 613 715 658 ostra
750 615 851 658 mature
861 609 1016 674 demersum,
1033 609 1113 674 inquis
1124 609 1207 658 oeulis
1216 620 1286 657 ruar-

184 685 716 749 mammetibaatdaaauirgiaeaspopiiim
751 699 857 735 oeseere
876 684 990 735 videati'
1030 685 1185 750 Exindeque
1208 691 1286 735 vetus

184 770 255 818 misit
265 767 371 816 bumasti
378 767 456 830 peplo.
490 764 716 828 marianarum
752 761 842 825 Epipr.
861 763 987 811 haetenus
1009 761 1144 826 ineditum,
1162 761 1235 827 qnod
1250 776 1286 812 ex

185 849 213 894 at
226 845 279 892 ada
289 842 393 904 vagiret
402 841 492 891 nabunt
502 855 579 889 rose:
598 840 658 888 ern
673 851 715 886 ra·
751 836 811 886 eod.
822 837 902 887 Salui.
920 836 1060 901 descripsit
1076 837 1161 888 Sorir.
1180 835 1288 886 eonfeu·

185 920 272 981 berem
287 918 329 981 qai
348 916 436 966 totebru
456 922 520 965 ueste
537 919 614 964 tectas
633 913 714 974 ignea
752 918 807 962 tum
827 911 960 963 arbitror:
982 912 1026 963 ‘0
1042 915 1131 978 quales
1142 928 1189 977 ego
1209 924 1287 963 mane

188 994 273 1055 Unico,
281 993 380 1055 marita,
390 993 451 1041 nodo
461 1006 508 1041 aon
517 989 715 1055 mdcbbsobrere.
752 989 834 1039 Rosos
846 989 989 1053 procedere
997 989 1065 1039 vidii
1100 989 1288 1040 Nascebantur

216 1069 425 1131 videndentur,
433 1083 510 1132 quam
519 1064 715 1130 eleganterbaae
752 1065 1194 1130 adbuorneqneeratpuromnibus
1203 1070 1285 1116 retas:

187 1145 272 1196 omnia
294 1145 523 1209 correspondeaut,
539 1148 567 1194 et
586 1142 716 1207 quadrent
753 1141 842 1191 Prima
864 1142 1004 1205 popiliatos
1019 1141 1139 1192 'ducebat
1157 1141 1232 1204 spica
1243 1155 1287 1190 ro-

185 1221 313 1272 iuvicem!
338 1220 399 1284 liis,
419 1220 543 1270 videlieet
557 1220 637 1282 Diva,
657 1231 716 1282 qua
753 1216 875 1281 rymbos3
892 1217 986 1267 Altera
996 1217 1120 1281 puniceos
1131 1216 1221 1279 apices
1232 1230 1288 1266 um·

186 1297 220 1347 de
241 1311 333 1348 eruore
353 1302 382 1347 et
402 1297 509 1362 gemmis
526 1303 574 1359 est,
595 1294 717 1359 gemmeis
754 1293 821 1344 bone
832 1294 951 1356 leuabat;
962 1295 1110 1344 Tertianou
1121 1299 1206 1343 totum
1218 1294 1288 1343 osla-

146 1382 148 1387 ·
186 1386 289 1437 quoque
299 1371 406 1421 floribus
416 1376 604 1435 purpurantem
621 1383 717 1419 anuum
754 1370 792 1421 tbi
800 1370 962 1434 patefecerat
972 1370 1080 1431 orbems
1100 1371 1202 1422 Quarta
1211 1369 1289 1418 simui

187 1461 287 1497 seurer
298 1447 399 1510 pingiu
420 1454 449 1496 et
460 1461 517 1510 qnae
529 1447 616 1495 calore
628 1445 661 1494 de
677 1458 718 1492 ou·
754 1446 833 1496 nituit
849 1453 950 1497 mutato
966 1447 1081 1511 tegmina
1099 1442 1179 1495 floria
1214 1445 1288 1494 Dum

186 1514 268 1586 pe'rno
286 1521 370 1587 deque
386 1522 496 1572 dammis
514 1529 573 1573 orta
590 1528 639 1584 est,
659 1520 718 1570 iati·
753 1522 826 1572 ievat
851 1537 904 1572 una
929 1529 1018 1587 caput,
1035 1521 1149 1586 dumque
1169 1521 1288 1584 explieat

188 1604 275 1649 tontes
287 1611 388 1662 quoquae
405 1598 453 1648 aab
470 1598 559 1648 cinere
576 1597 669 1647 amoris
680 1597 718 1660 ig·
755 1600 840 1648 altera
860 1599 968 1662 nodum,
988 1598 1058 1648 Huic
1074 1596 1136 1647 dum
1154 1597 1289 1661 virgineus

185 1688 233 1724 net
263 1680 342 1738 tique
368 1672 470 1723 faviiiu
494 1672 583 1723 flabris
611 1670 718 1722 Favonii
756 1676 840 1739 pudor
860 1675 1012 1725 exsinuatur
1029 1674 1134 1736 amictu,
1151 1673 1195 1722 Ne
1212 1686 1291 1736 pm.

187 1749 355 1812 ordinatque
368 1745 718 1813 ventiiat,iuqueuotos‚vel
755 1756 810 1809 ant,
833 1751 891 1814 lege
910 1765 986 1801 mane
1004 1751 1117 1809 R⁰⁸³¹¹13
1139 1749 1193 1798 cito
1214 1748 1289 1813 virgo

187 1826 265 1875 etiam
278 1825 360 1872 nudos
375 1829 493 1886 penates,
511 1821 640 1871 antiocus
656 1835 718 1885 quo·
755 1826 886 1876 senescit!
918 1827 1061 1876 Evoiratur
1081 1839 1184 1889 quoque
1208 1825 1289 1888 Idyii.

187 1913 239 1964 ‘1¹¹0
263 1906 384 1962 ῐθβθῦῑθῦ
401 1898 525 1961 impellit
547 1904 574 1946 et
593 1895 717 1946 effundit:
756 1906 789 1954 de
799 1905 875 1955 Rosia
886 1905 957 1954 iuter
967 1904 1102 1954 catalecta
1113 1903 1207 1965 Virgii.
1219 1902 1290 1953 baud

188 1975 254 2026 Quoe
266 1973 379 2038 deniqne
396 1973 430 2023 de
448 1973 545 2022 Chroni
564 1973 718 2022 maiitibim·
755 1981 836 2030 dubie
847 1994 948 2044 quoque
959 1981 1087 2029 Scholast,
1099 1979 1208 2042 alicujus
1221 1977 1290 2028 Ροὲ.

188 2050 285 2111 bribus,
304 2063 464 2114 spumeoque
480 2050 554 2113 ponti
573 2049 720 2113 giobopro·
757 2063 801 2120 ta,
823 2058 899 2121 quare
924 2055 976 2105 fuit
993 2065 1021 2104 et
1043 2055 1123 2115 istud,
1144 2054 1214 2119 quod
1231 2054 1289 2118 jam

188 2125 267 2189 i'eota,
278 2128 720 2190 etinteroaeruiascatervaareper·
756 2134 930 2182 recitavimus.
956 2131 1100 2197 Eidemque
1108 2131 1240 2195 geminum
1248 2139 1290 2181 est

188 2210 217 2252 ts
227 2208 276 2266 est,
295 2217 326 2252 sa
336 2203 393 2266 ipss
404 2217 507 2267 quoque
519 2217 601 2252 rorem
615 2210 720 2252 noctur·
756 2216 785 2258 et
797 2210 845 2258 noc
854 2209 944 2259 simios
956 2208 1198 2272 aiicujusineooem
1212 2222 1290 2271 argo·
1335 2221 1355 2244 ι

188 2294 249 2328 num
260 2278 586 2342 circumferi‚eiguiiaiim
594 2277 719 2327 destillat.
756 2292 844 2336 mento
869 2284 1156 2348 proeexereitamentum
1184 2282 1289 2343 ἄδηλογς

189 2357 226 2406 At
236 2372 293 2420 quae
306 2356 338 2406 de
349 2357 414 2408 Sutia
431 2358 559 2420 purpuris,
569 2370 615 2405 seu
623 2352 720 2405 burora
757 2359 826 2426 quod
835 2361 940 2411 tametsi
948 2361 981 2410 de
990 2359 1096 2411 floribus
1107 2366 1134 2409 et
1142 2360 1207 2409 rosis
1222 2374 1290 2423 pm.

189 2433 297 2497 prodiit,
307 2447 377 2482 rom
391 2445 494 2497 quoque
506 2444 649 2494 purpurei&
660 2444 720 2493 pro·
756 2437 847 2486 sertim
858 2444 927 2501 agat,
938 2451 988 2487 non
1003 2444 1142 2500 propterea
1155 2436 1227 2485 Fiori
1237 2443 1291 2498 est,

189 2507 280 2568 duxit3
298 2523 394 2572 easque
415 2515 502 2568 noctu,
520 2509 592 2556 velut
610 2522 626 2555 a
644 2512 720 2569 partu
758 2510 836 2561 sicuti
848 2525 880 2560 eo
892 2513 995 2561 nomine
1011 2511 1151 2576 deceptum
1172 2511 1291 2560 videmus

189 2584 335 2644 balneatus,
344 2589 449 2645 postero
461 2583 550 2631 statim
561 2582 603 2631 die
614 2595 629 2631 e
641 2581 720 2644 virgi·
757 2595 785 2636 et
795 2588 873 2637 Saim.
881 2588 924 2652 qui
932 2588 981 2637 boc
988 2587 1086 2650 primus
1094 2587 1127 2636 ad
1138 2584 1206 2635 Hist.
1218 2586 1289 2649 Aug.

190 2659 265 2706 nibus
275 2658 381 2706 maritas
392 2657 447 2706 fieri
459 2657 551 2718 voluit,
567 2664 596 2706 ut
606 2657 721 2722 loquitor
758 2661 903 2727 Scriptores
915 2663 1041 2727 exhibuit,
1053 2669 1081 2712 et
1096 2661 1225 2726 Opitium,
1244 2662 1291 2726 qui

189 2733 337 2784 Salmasius.
370 2734 411 2782 De
433 2747 509 2782 mane
525 2732 720 2795 scilicetpapii·
757 2738 914 2788 Germanice
935 2739 1005 2803 loqui
1026 2739 1090 2788 iliud
1113 2738 1211 2789 docuit,
1247 2739 1292 2787 Its

190 2811 271 2859 iatum
282 2823 370 2858 earum
387 2808 536 2872 corymbum
548 2807 663 2857 humenti
675 2822 720 2870 pe·
758 2819 844 2862 autern
855 2813 950 2864 babet:
969 2813 1126 2869 ‘Venerunt
1148 2812 1291 2877 aliquando

189 2886 233 2949 pio
243 2885 355 2949 suivans,
368 2886 447 2950 inque
458 2884 562 2948 nuptias
572 2885 649 2934 simul
661 2899 720 2948 pro·
758 2889 835 2938 liosae
845 2904 852 2937 :
864 2889 928 2952 prob
938 2888 1015 2938 Veris
1031 2888 1125 2938 amoeui
1136 2888 1272 2952 Ingenium
1284 2889 1290 2939 !

190 2962 282 3025 ritans,
301 2969 332 3011 nt
351 2963 376 3010 in
397 2962 538 3012 crastinum
551 2961 657 3011 tandem
667 2976 721 3010 om·
758 2979 809 3014 una
819 2965 876 3014 dies
888 2964 1002 3014 ostendit
1012 2964 1113 3027 apicula
1123 2961 1234 3025 florum3
1246 2962 1292 3012 Ar-

192 3055 251 3090 nem
269 3041 398 3103 ruborem,
409 3039 491 3090 veluti
508 3045 597 3103 nuptie
610 3040 665 3102 jam
677 3038 721 3087 de·
758 3047 817 3089 tera
833 3039 979 3104 pyramidas
998 3040 1067 3090 uodo
1079 3040 1179 3104 majore
1191 3046 1293 3089 tumen·

192 3125 301 3182 ponant,
310 3120 360 3168 boe
376 3123 426 3181 est,
439 3117 517 3181 jubet
528 3118 571 3166 iiia
582 3131 615 3166 ex
627 3117 721 3166 clausis
759 3121 815 3176 tes3
827 3115 919 3164 'l'ertiu
932 3115 989 3178 jam
1006 3114 1122 3165 calathos
1132 3131 1139 3164 :
1151 3121 1236 3164 toturn
1248 3115 1292 3163 iux

192 3208 223 3244 ao
235 3196 323 3257 tectis,
339 3200 368 3243 ut
385 3199 460 3243 erant
471 3193 498 3240 in
510 3191 643 3255 calycibus
661 3191 722 3250 suis,
759 3195 853 3254 quarta
862 3191 964 3254 peregit
978 3191 1063 3240 Floria
1075 3204 1153 3255 opus:
1172 3190 1293 3241 Pereunt

191 3270 286 3332 aperiri
297 3277 325 3318 et
340 3268 461 3332 expandi.
495 3267 626 3319 Quocirca
637 3281 722 3315 rosam
758 3265 844 3330 bodie,
865 3267 915 3316 nisi
931 3281 1006 3316 mane
1026 3266 1167 3330 legantur!
1199 3267 1292 3318 Sede
1352 3322 1356 3330 ¹

191 3347 273 3407 ipsam
289 3345 378 3394 Venus
396 3343 550 3407 adloquitur,
566 3342 651 3391 verbis
666 3341 722 3390 Sai-
758 3342 912 3392 diverticulo
930 3343 957 3391 in
978 3343 1110 3393 remitam!
1128 3349 1208 3406 utque
1224 3343 1294 3391 ordi-

192 3421 282 3470 masii:
300 3421 391 3484 ‘Cras‚
411 3420 504 3484 inquit,
521 3418 721 3483 emeritaque
759 3434 819 3469 nem
830 3421 963 3483 vulgarem
973 3420 1100 3470 Carminis
1116 3421 1199 3469 nostri
1214 3434 1293 3484 porro

193 3502 273 3545 antea
288 3495 367 3559 uirgo
388 3494 484 3557 fueras,
502 3509 553 3544 nou
575 3494 683 3558 pudebit
694 3501 722 3544 te
760 3510 956 3561 persequamur.
1004 3496 1057 3546 Ubi
1091 3502 1179 3546 tamen
1205 3495 1294 3559 phrasi

192 3571 322 3635 ruborem,
336 3572 380 3636 qui
392 3577 464 3621 veste
475 3572 551 3634 ignea
559 3571 656 3633 oaiycis
668 3577 722 3621 teo·
759 3573 843 3622 Sorir.
855 3569 965 3634 fatuum,
981 3571 1117 3632 insulsum,
1129 3578 1209 3636 atque
1220 3571 1294 3634 inep-

193 3646 352 3705 tusiatebat,
369 3647 445 3697 unico
456 3646 525 3697 nodo
537 3648 646 3712 solvere,
657 3647 723 3696 etin
761 3657 816 3700 tum
839 3648 1003 3710 arbitramur,
1030 3648 1100 3713 quod
1122 3647 1190 3696 idem
1208 3647 1293 3698 Seria.

194 3729 313 3787 apertum
338 3723 465 3788 prodere?
497 3725 580 3775 Quam
608 3724 640 3773 ad
668 3738 722 3773 rem
760 3738 862 3775 versum
881 3724 960 3773 istum
979 3728 1018 3774 19.
1037 3725 1075 3774 ita
1085 3724 1198 3774 voluerit
1214 3727 1294 3773 corri-

194 3799 347 3864 oumpeudio
372 3815 474 3866 quoque
496 3797 723 3850 demonstrandum
760 3799 1091 3864 pere‚uoncorrigere,lrt
1102 3798 1295 3862 pudoremstoria

194 3875 387 3940 egregieiaciet
395 3877 562 3940 gemmuiuB.
570 3874 723 3937 Hieronymi
760 3877 839 3926 Eanoe
860 3877 1001 3940 prodierunt
1022 3890 1144 3940 purpura.
1189 3877 1293 3926 Quanto

194 3951 278 4015 Epist
294 3965 371 4003 xxvi.
387 3953 420 4002 ad
436 3951 638 4013 Pammachium,
655 3951 723 4000 Con·
760 3951 852 4002 meiius
863 3952 942 4002 Saim.
959 3953 1026 4002 Hinc
1038 3951 1295 4016 pudoremfloraieatoe

193 4028 268 4077 solut
290 4043 369 4092 super
387 4029 458 4079 obitu
479 4027 597 4078 Paulinae
614 4027 721 4076 Uxoris:
758 4027 1042 4091 prodideruntparpurae.
1077 4026 1178 4075 idest:
1191 4027 1296 4091 Purpu-

193 4104 274 4155 ‘Quis
286 4105 473 4167 parturientem
493 4118 587 4167 rosam,
602 4107 629 4152 et
641 4101 723 4165 papii·
761 4118 813 4153 rear
827 4119 891 4153 rosae
901 4104 934 4152 ab
945 4103 995 4151 iliis
1007 4102 1072 4152 roris
1084 4102 1165 4166 guttis
1175 4117 1296 4166 persper-

195 4180 275 4231 latum
287 4181 446 4245 corymbum,
464 4186 601 4245 autequam
613 4179 639 4227 in
654 4178 723 4227 caia·
761 4195 797 4229 sae
810 4179 980 4243 prodiderunt
989 4177 1182 4244 ruborem,(qui
1191 4179 1296 4243 eirgau·
