2752 4694
407 343 940 394 snvnuanrsaanvroturuu.
1013 368 1017 375 ·
1163 333 1229 398 795

122 494 172 528 nec
201 480 316 531 Weitzin
349 483 477 531 correctio
509 482 658 544 doctorum,
694 483 766 532 lucos
793 490 820 532 et
842 482 947 533 flamma
968 484 1075 534 adolere
1104 487 1226 537 Sabaeos:

125 555 210 618 Hyllo
220 556 309 618 florum
324 571 405 619 rumpe
420 558 475 621 (vel
491 557 589 622 sparge)
606 573 657 606 oea·
695 558 762 606 Pars
786 557 884 608 infecta
907 574 983 608 croco
1005 561 1133 610 velamina
1158 564 1229 627 lutea

127 637 184 694 tem,
204 637 307 694 quantus
329 634 403 680 Ennoe
418 649 512 696 conpara
529 641 581 683 eat:
608 637 657 685 boc
696 633 788 682 Serani
814 634 938 693 Pandite,
974 635 1146 701 Sidoniasque
1173 640 1228 689 solo

122 715 172 766 est,
192 708 325 758 Quantum
344 715 416 770 patet
438 700 519 758 Ennea
539 725 656 773 campus,
695 710 854 773 prosternite
876 711 980 760 vestes?
1027 713 1096 761 'l'alis
1121 729 1229 778 qnoque

122 782 195 845 “bunc
215 797 308 844 sparge
328 781 419 831 florum
437 792 522 846 veste,
539 791 568 833 nt
586 792 658 835 totns
696 785 873 848 Nympharum
892 786 986 834 chorea
998 800 1073 834 sacra
1093 801 1140 850 per
1156 789 1228 839 urbia

123 873 218 922 nempe
229 858 336 908 floribus
347 860 381 908 sit
392 861 513 908 vestitus.
541 859 659 910 Addunt·
695 866 831 909 coronatos
843 861 913 920 nicos
932 862 1046 923 oraculo,
1064 862 1229 914 Chalcedone

126 935 259 998 qne,nihil
269 935 366 984 certius
378 949 409 983 eo
421 949 488 996 esse,
499 935 658 998 namjucnn·
695 934 777 997 lapidi
793 934 886 998 inciso,
905 936 1034 999 predicta
1055 937 1123 999 apud
1140 936 1227 987 Amara.
1243 934 1248 938 ’

124 1009 158 1056 da
179 1009 276 1071 oppido
302 1010 406 1058 tralatio
431 1018 481 1071 ast,
508 1024 565 1059 cnm
587 1018 657 1061 terta
696 1009 816 1059 Marcell.
849 1008 997 1058 Cedrennm
1035 1018 1063 1058 et
1095 1011 1228 1061 Socratem
1327 1045 1333 1065 ι

124 1085 248 1147 gramine,
259 1083 367 1132 florib'ns
379 1092 406 1132 et
418 1086 548 1146 segetibus
560 1087 657 1135 amiciri
695 1084 800 1145 legitur,
816 1083 883 1132 Ἀλλ’
899 1083 939 1132 ὅτε
948 1083 976 1141 δὴ
986 1083 1080 1146 Νύμφαι
1092 1084 1155 1148 ἱερὴν
1168 1087 1229 1136 nort

125 1162 197 1225 quasi
207 1166 235 1210 et
246 1160 318 1208 indui
330 1161 434 1208 dicitur.
466 1161 657 1224 VirgilGun.
696 1157 1007 1223 iowxopelqa'l'epripwna
1015 1161 1230 1220 στήσοντσιέῦση·

125 1250 163 1284 rs.
179 1240 237 1284 219.
252 1236 389 1298 ‘Quaeqae
399 1250 445 1283 sno
458 1236 535 1283 viridi
554 1250 658 1298 semper
695 1230 754 1294 nias
764 1234 814 1282 κατ’
825 1234 916 1297 ἀγυιὰς,
926 1253 950 1284 κ.
960 1253 985 1285 n.
994 1245 1018 1286 λ.

127 1325 155 1360 se
167 1310 282 1374 gramine
292 1309 385 1358 vestit!
421 1311 657 1361 (tauchitanus
728 1313 759 1358 53
779 1310 1229 1377 Ruriciioeruntpuellae‚relpuellae

125 1385 227 1447 Victor,
245 1385 272 1432 in
283 1385 398 1434 Genesin
409 1385 454 1433 lib.
465 1400 485 1435 1.
505 1394 532 1434 et
543 1385 659 1435 Alcimus
695 1385 828 1443 mantiam
846 1386 950 1448 Quaque
960 1387 1228 1451 citaeqquoeqmm,
1324 1392 1327 1399 '

125 1456 170 1510 lib.
188 1476 206 1510 1.
227 1461 333 1521 imitati,
350 1461 467 1510 ‘vestita
484 1468 524 1510 est
544 1461 659 1526 gramine
696 1460 887 1523 qaoequefontea
902 1461 1017 1524 mussat]
1042 1462 1084 1510 lta
1103 1463 1230 1526 legebam,
1289 1469 1291 1473 '

127 1537 220 1586 tellus!
245 1535 332 1600 Atque
343 1537 381 1585 sir.
391 1538 491 1586 Colum.
505 1539 592 1600 ‘ripas
602 1551 660 1600 gra·
699 1549 733 1583 ne
744 1535 826 1584 otiose
838 1541 866 1584 et
875 1535 963 1585 odiosa
982 1541 1072 1586 novales
1090 1538 1130 1587 bis
1141 1541 1229 1589 atatim

124 1611 195 1659 mine
213 1611 336 1658 vestitas’
353 1610 428 1661 disis.
470 1613 521 1662 Ob.
538 1610 660 1663 Gifanius
698 1610 864 1673 repedarent.
898 1611 1028 1675 Intelligit
1047 1615 1115 1663 enim
1134 1621 1231 1677 praeter

125 1685 159 1734 ad
169 1686 247 1734 Lacr.
258 1687 361 1735 ‘Vestis
373 1688 490 1737 continet
500 1703 575 1737 omne
584 1696 659 1753 tegn-
698 1685 827 1748 Oreades,
842 1687 911 1750 ipssa
923 1701 1027 1751 qnoque
1039 1689 1162 1749 Naiadas,
1179 1704 1228 1740 cen

125 1758 258 1810 mentum!
292 1760 336 1809 Ita
346 1775 460 1823 gramen,
478 1763 573 1827 herbas,
584 1777 659 1826 sege·
697 1762 834 1824 Nymphas
853 1762 958 1825 proprie
977 1763 1069 1812 dictas.
1115 1765 1184 1814 Naar
1201 1772 1230 1815 et

128 1841 168 1882 tes
187 1835 236 1883 dici
254 1842 361 1898 possunt
372 1844 456 1885 vastes
470 1832 555 1887 terra.
588 1838 659 1888 Pltb.
697 1850 776 1899 snpra
790 1838 824 1887 ad
835 1852 872 1886 vs.
888 1843 931 1888 ta.
948 1852 981 1887 ex
992 1839 1087 1889 Horat.
1099 1853 1120 1888 1.
1140 1840 1192 1890 Od.
1203 1843 1229 1891 t.

125 1910 234 1959 vettium
259 1911 362 1959 nomine
390 1912 477 1960 thecas
497 1918 526 1961 et
553 1913 659 1976 vaginas
697 1913 805 1975 (lictum,
818 1914 845 1961 in
859 1915 980 1963 sodalitio
996 1915 1133 1978 eborisque
1145 1915 1230 1973 liene·

125 1983 217 2034 tiorum
237 1985 375 2047 significari
391 1987 487 2035 innuit.
526 1987 584 2036 Nisi
600 1989 660 2052 quia
698 1988 733 2037 ris
751 1989 858 2051 junctas
877 1988 958 2038 firissa
976 1989 1105 2051 Nymphis
1125 1989 1230 2040 Gratias

125 2059 196 2111 sorte
207 2063 293 2123 legere
302 2062 384 2122 malit,
394 2062 660 2126 Hyllojloratnrampe
698 2062 838 2112 decantent
850 2063 893 2112 nbi
906 2078 954 2126 per
963 2064 1100 2127 Nymphae
1111 2064 1231 2113 mulieres

126 2141 317 2200 nateqquoutus
329 2139 405 2185 Eume
417 2151 511 2198 campus
522 2140 573 2185 est:
591 2132 660 2201 qao'd
697 2138 809 2201 intelligi
830 2138 914 2188 voluit
931 2137 1029 2200 Acron,
1059 2153 1106 2201 per
1126 2139 1232 2190 Gratias

127 2219 156 2260 et
166 2212 236 2262 Plin.
253 2215 261 2241 ‘
276 2213 328 2260 allii
340 2211 439 2261 restes’
457 2212 575 2262 dixisset.
608 2213 663 2262 Sed
698 2211 829 2274 Virginea.
862 2211 951 2277 Atque
962 2212 1079 2261 eamdem
1098 2213 1232 2276 conjecta·

126 2287 284 2336 retinentnns
300 2284 452 2335 florulentas
467 2291 552 2348 uestes,
568 2286 661 2350 quibua
699 2301 753 2336 ram
781 2293 899 2338 nostram
926 2289 1102 2350 amplexatum
1129 2302 1232 2353 quoqne
1297 2280 1306 2293 ⁵

126 2362 196 2412 amni
208 2363 369 2411 Salomonaea
381 2362 462 2423 gloria
474 2362 662 2424 pulchrioribus
698 2360 822 2412 fuisseP.
832 2364 916 2412 Scrir.
933 2371 1024 2426 postea
1039 2363 1163 2425 comperi,
1179 2377 1231 2412 aon
1251 2420 1255 2429 Ι
1277 2398 1283 2411 .
1304 2366 1343 2401 '‘-

129 2437 220 2485 anlasis
230 2437 313 2484 voluit
325 2436 444 2484 exornari
456 2437 662 2487 tribunalVene·
699 2437 817 2487 obstante
826 2440 875 2489 Ma.
883 2446 912 2488 et
922 2440 993 2489 edita
1005 2439 1119 2487 omnium
1128 2453 1232 2502 expres·

126 2525 208 2560 reum.
242 2512 278 2560 Et
288 2511 325 2560 uic
343 2512 455 2574 Lipsius,
476 2511 559 2575 Hybla
569 2511 663 2575 flotam
699 2514 803 2563 sissima
814 2515 1232 2578 scriptura,qaoequentoateainoo·

122 2600 206 2649 prom
232 2591 329 2647 uestem,
348 2590 450 2648 quantus
473 2587 550 2635 Ennoe
568 2601 663 2650 mnam
698 2589 759 2638 lunt.
793 2589 873 2654 Atqui
886 2590 983 2652 puellas
994 2590 1120 2638 montium
1131 2589 1234 2640 adfutu-

126 2666 172 2710 eat.
207 2662 309 2724 Exquo
326 2662 419 2710 iterum
437 2663 592 2726 intelligitur
607 2677 663 2714 moa
699 2677 749 2727 ras,
771 2665 827 2729 jam
849 2666 1019 2728 praecedente
1038 2664 1233 2731 verau¹(addit)

127 2736 172 2785 ille
194 2736 301 2798 priscus,
327 2734 406 2785 flores
426 2744 454 2786 et
472 2753 565 2802 masos,
582 2745 662 2804 atque
699 2738 812 2789 dixerat.
846 2741 973 2804 Nymphis
990 2754 1052 2788 vero
1063 2741 1114 2788 illis
1123 2738 1233 2790 fontico-

128 2812 207 2861 etiarn
228 2820 322 2874 vestes,
344 2814 368 2860 in
382 2814 497 2875 ingressu
515 2815 663 2877 triumphali
700 2814 731 2861 lis
751 2813 807 2862 t'ere
825 2816 904 2876 magia
925 2815 1023 2876 gaudet
1042 2813 1141 2879 venus,
1156 2832 1231 2881 quana

130 2887 280 2951 spargendi,
301 2896 330 2935 ut
346 2888 443 2934 Mattb.
463 2900 522 2936 xxi.
540 2903 579 2936 vs.
592 2893 617 2937 8.
633 2888 663 2935 ‘0
700 2891 758 2954 ipso
774 2894 892 2941 Vulcano
905 2901 932 2942 et
952 2894 1064 2955 Baccho,
1082 2895 1119 2942 nti
1137 2909 1169 2943 aar
1182 2895 1234 2944 Ara

128 2961 154 3012 δὲ
170 2964 283 3010 πλεῖστος
298 2959 373 3020 ὄχλος
390 2959 511 3024 ἔστρωσαν
528 2963 617 3010 aanor
632 2962 665 3011 nl
702 2967 1233 3030 reliiSynumachiAnacreonticneM·

130 3036 213 3099 lutras
230 3038 297 3100 ἐντῇ
307 3037 360 3096 ὁδῷ·
380 3035 599 3086 marottam
607 3037 665 3088 utri·
702 3042 780 3105 panis
799 3042 892 3105 liquet,
912 3042 983 3090 ‘Ubi
1003 3043 1124 3104 corniger
1141 3044 1234 3108 Lyaeus

128 3116 182 3164 toas
192 3112 239 3161 ἀπὸ
249 3115 298 3161 τῶν
308 3110 415 3176 tisim,
434 3112 473 3161 καὶ
484 3113 627 3178 ἐστρώννυον
637 3115 665 3163 ia
703 3117 796 3180 Aperit
815 3130 927 3178 superna
947 3117 1016 3177 vite;
1032 3118 1164 3167 Vulcanus
1184 3134 1234 3169 aa·

130 3192 163 3253 ηἷ
181 3190 234 3250 ὁδῷ.
277 3189 321 3237 Ita
340 3188 468 3237 Prudent.
489 3188 548 3238 adv.
566 3189 663 3253 symm.
701 3191 1117 3254 tuosisMediacoquitcavernis.
1149 3195 1234 3245 Tenet

129 3266 175 3315 lib.
183 3279 214 3315 rr.
225 3280 262 3314 vs.
272 3269 330 3314 729.
342 3268 349 3293 ‘
360 3265 431 3315 Quos
442 3268 562 3327 spargam
571 3264 664 3314 liores?
701 3267 753 3316 ima
763 3267 835 3330 piace
850 3268 931 3316 molto
941 3267 1030 3315 Thetis
1040 3274 1068 3316 et
1079 3269 1151 3318 liaiaa
1163 3283 1234 3319 soro·

131 3343 225 3407 quibas
236 3332 369 3391 insertabo
381 3343 484 3390 coronis
495 3341 588 3392 Atria?
605 3358 664 3408 quae
702 3356 753 3392 res.
787 3342 867 3391 Simul
877 3343 980 3391 innatat
991 3342 1099 3391 Chorsia
1109 3343 1235 3395 Amathu-

130 3417 208 3468 sestis
217 3417 376 3480 suspendam
396 3417 475 3478 pallia
495 3417 595 3479 portis?
611 3417 664 3467 Im·
702 3418 767 3466 aiam
779 3418 909 3478 renidens,
918 3417 985 3466 Salia
1001 3418 1099 3467 arbitra
1116 3427 1143 3468 et
1156 3434 1234 3485 vapo-

131 3494 217 3543 mnnis
234 3493 302 3541 tanti
320 3489 393 3552 belli,
410 3500 445 3541 a·
461 3499 487 3541 te
509 3498 595 3542 stame
616 3493 664 3542 aab
702 3492 738 3541 ris
747 3493 807 3542 Flos
817 3494 931 3542 siderum
943 3494 1047 3543 Diona!
1071 3496 1120 3544 Vel
1131 3511 1233 3562 qnoque

132 3568 211 3618 armis
236 3567 359 3617 Liberai’
387 3575 415 3616 et
431 3568 617 3633 Panegyristes
638 3570 665 3618 in
703 3583 749 3633 pro
760 3573 783 3618 et
795 3570 855 3632 poni
868 3569 1018 3619 observavit
1030 3572 1122 3619 Weitz.
1133 3586 1166 3620 ex
1176 3573 1233 3621 Sal·

131 3644 256 3694 Tbeodoa.
285 3642 375 3695 ‘Quid
402 3650 490 3707 portas
522 3645 664 3695 virentibus
702 3644 793 3704 masio,
805 3645 848 3708 qui
860 3644 885 3690 in
895 3645 973 3693 Notis
982 3645 1015 3691 ad
1024 3645 1163 3706 Capitolia.
1172 3661 1234 3710 pag.

134 3721 210 3770 sertis
221 3719 377 3768 coronatas?
393 3718 455 3783 quid
467 3721 555 3769 aulaeis
566 3720 665 3769 nudan-
702 3723 744 3767 llll.
756 3725 784 3767 et
793 3723 851 3767 26⁰.
862 3733 910 3766 aec
924 3733 972 3768 non
985 3719 1017 3767 aul
1032 3720 1162 3781 Lamprid.
1173 3737 1233 3787 pag.

133 3802 175 3846 ies
204 3795 316 3858 plateas,
344 3794 510 3857 accensisque
534 3793 666 3843 funalibus
703 3793 1149 3855 184.maltaexemplaconvasavit.

133 3876 239 3920 nocturn
260 3866 485 3917 diemteferami'
530 3869 666 3919 claudian.
702 3877 704 3881 ⁴
736 3873 767 3916 55
785 3860 864 3916 duait
875 3869 1236 3931 omnesorlsiaerepuerimater

133 3945 219 4008 Napi.
245 3941 354 3992 lionorii
374 3942 477 4001 iterum,
494 3943 551 3990 ‘Ta
574 3942 668 3993 Gratia
702 3943 779 4004 olitis,
796 3944 875 3991 Jaasit
890 3948 913 3990 et
929 3945 994 3990 saro
1002 3945 1138 4004 puellosna‘l
1151 3947 1236 3998 Amori

132 4018 212 4069 tiores
229 4018 315 4079 Elige,
330 4021 360 4066 tu
377 4015 501 4078 geminas,
511 4016 666 4080 Concordia,
703 4020 807 4080 amere]
825 4019 867 4066 lta
885 4017 955 4066 Pith.
974 4018 1096 4080 pollicem
1116 4035 1236 4084 premen-

134 4101 214 4145 necta
241 4106 360 4142 coronas.
405 4091 442 4140 Hi
463 4096 552 4140 nostra
574 4091 667 4142 nitidos
703 4093 772 4142 tibus
784 4093 872 4156 lipsio
884 4098 912 4142 et
921 4091 987 4142 Scal.
998 4098 1076 4157 atque
1088 4096 1167 4145 Salm.
1184 4111 1234 4152 nee

135 4177 223 4238 postes
241 4168 373 4220 obducere
388 4172 474 4232 myrta
491 4168 668 4238 Cantauriani,
703 4168 943 4222 contradicentibus
953 4168 1071 4239 waitzio,
1079 4171 1181 4237 Doara,
1189 4182 1236 4226 sat
