2752 4694
357 849 632 928 RECENSUS
666 849 922 926 CODICUM
956 851 1073 928 MSS·
1137 872 1141 877 ·

462 1054 501 1120 G.
523 1057 726 1124 VALERll
749 1058 959 1124 CATULLI

245 1269 308 1321 QUl
325 1270 367 1319 lN
386 1269 645 1324 BlBLlOTHECIS
664 1272 898 1325 BRITANNICIS
917 1269 1183 1320 ASSERVANTUR.

564 1520 865 1531 ...ψ-...ψ-

168 1737 355 1827 Camunni
372 1765 555 1828 carminum
581 1762 690 1851 codex¹
710 1762 977 1845 antiquissimus,
991 1763 1048 1845 qui
1073 1768 1176 1827 notus
1196 1763 1268 1840 fuit,

167 1867 317 1945 repertus
331 1870 381 1927 est
399 1864 434 1926 in
449 1863 562 1928 Gallia
576 1883 597 1927 a
611 1882 656 1947 qu
698 1942 706 1957 ι
771 1862 973 1941 Veronensi,
987 1862 1124 1942 Catulli,
1140 1871 1178 1928 ut
1194 1867 1269 1949 ipse

167 1963 323 2046 loquitur,
348 1963 563 2048 compatriota.
608 1965 701 2029 ‘Sus
738 1963 815 2042 cor,’
843 1966 892 2028 ait
920 1964 1091 2047 Josephus
1118 1965 1271 2048 Scaliger

168 2065 204 2127 in
229 2063 517 2146 (instigationibus
544 2065 615 2128 suis
644 2062 679 2127 in
705 2063 886 2142 Catullum,
919 2069 930 2096 ‘
951 2064 1034 2128 illud
1057 2063 1269 2130 Gallicanum

169 2166 340 2247 exemplar
354 2164 616 2247 Longobardicis
640 2163 747 2227 literis
769 2165 928 2246 scriptum
942 2164 1065 2246 fuisse3
1087 2167 1168 2248 quia
1182 2187 1270 2230 erro-

170 2286 234 2345 res,
250 2267 310 2349 qui
325 2268 360 2330 in
373 2267 553 2350 postremis
568 2265 745 2330 codicibus
765 2266 808 2328 ab
824 2264 986 2346 imperitis
1003 2264 1150 2331 librariis
1166 2268 1272 2332 disse-

172 2367 290 2430 minati
303 2373 391 2442 sunt,
405 2385 473 2430 uon
496 2366 592 2429 aliter
614 2364 767 2428 videntur
792 2384 893 2445 quam
909 2384 929 2427 a
943 2367 1087 2431 morosis
1110 2368 1180 2432 illis
1195 2369 1272 2432 cha-

172 2467 355 2530 racteribus
370 2469 453 2543 uati,
477 2466 512 2530 id
536 2465 625 2548 quod
647 2485 709 2529 suo
729 2466 807 2530 loco
824 2466 996 2548 diligenter
1009 2468 1272 2532 admonebimus.

175 2565 345 2630 Praeterea
367 2587 437 2629 non
462 2567 633 2629 character
658 2565 766 2628 solum
789 2567 909 2629 menda
928 2571 1139 2650 propagavit,
1156 2570 1218 2632 sed
1240 2577 1274 2631 et

175 2666 362 2747 antiquaria
384 2665 507 2730 lectio?
551 2664 640 2729 Haec
670 2665 783 2731 omnia
808 2667 908 2731 valde
932 2674 1008 2731 sunt
1030 2669 1229 2750 probabilia,
1244 2677 1277 2735 et

178 2767 210 2830 si
224 2786 338 2833 verum
353 2774 406 2832 est
427 2766 513 2832 huuc
538 2768 689 2832 codicem
713 2768 816 2831 literis
837 2769 1099 2851 Longobardicis
1114 2771 1276 2854 scriptum

50 2884 54 2889 ·
176 2869 294 2947 fnisse,
310 2878 438 2934 certum
452 2877 507 2934 est
522 2871 604 2935 satis
618 2870 722 2933 fuisse
733 2872 918 2953 antiquum.

223 2970 546 3053 Quomodocumque
568 2989 645 3033 vero
669 2969 743 3034 haee
767 2989 804 3033 se
826 2972 981 3053 habeant,
1001 2970 1154 3035 codicem
1179 2973 1279 3035 valde

181 3072 353 3154 antiquum
369 3072 493 3137 Catulli
506 3091 573 3136 non
586 3072 667 3135 licet
682 3078 862 3153 expectare
876 3074 909 3135 in
927 3073 1075 3155 publicis
1091 3073 1278 3139 Britanniae

180 3173 405 3237 bibliothecis.
449 3171 576 3235 Omnes
592 3191 677 3254 qnos
692 3172 790 3235 nobis
803 3173 942 3252 contigit
954 3173 1068 3237 videre
1081 3172 1133 3258 (et
1144 3175 1279 3256 quidem

179 3276 215 3336 in
244 3273 457 3337 bibliothecis
478 3275 601 3336 nostris
630 3273 791 3356 perpauci
822 3279 898 3336 sunt
925 3271 1134 3356 inveniendi)
1163 3276 1279 3358 scripti

181 3377 271 3450 sunt,
294 3377 331 3436 ut
355 3373 531 3455 probabile
556 3373 701 3449 videtur,
725 3373 760 3437 in
787 3373 903 3451 Italia,
923 3376 988 3439 etsi
1010 3374 1052 3438 de
1075 3376 1210 3454 scribis,
1236 3376 1278 3440 de

182 3474 291 3551 annis,
306 3473 391 3536 etde
403 3473 490 3549 locis
503 3472 587 3537 nihil
601 3475 684 3539 certi
697 3476 863 3540 novimus

225 3575 322 3640 Utin
338 3574 513 3639 codicibus
526 3575 698 3659 impressis
713 3576 866 3641 Catullus
880 3575 1040 3641 interdum
1053 3575 1174 3660 legitur
1186 3597 1281 3663 sepa·

182 3679 293 3754 ratim,
309 3683 343 3739 et
355 3675 518 3740 interdum
532 3676 729 3761 conjunctus
743 3695 819 3741 cum
831 3675 966 3740 Tibullo
981 3681 1015 3740 et
1028 3674 1220 3759 Propertio,
1232 3681 1283 3745 ita

184 3782 219 3846 in
233 3777 407 3843 codicibus
423 3776 509 3842 Mes.
553 3776 624 3842 Ubi
635 3779 736 3859 igitur
748 3775 829 3840 solus
844 3777 989 3841 occurrit
1000 3776 1165 3858 Catullus,
1180 3782 1234 3845 vel
1247 3783 1283 3847 in

185 3881 284 3946 trium
306 3875 482 3960 poetarum
505 3878 622 3942 ordine
638 3876 797 3960 procedit,
811 3897 886 3942 eum
897 3878 1105 3962 inpraesenti
1120 3879 1282 3948 Recensu

186 3978 464 4046 memoravimus:
487 3979 544 4043 ubi
557 3999 636 4044 vero
648 3978 751 4042 alium
765 3979 902 4064 poetam
914 3979 1064 4066 sequitur,
1076 3983 1139 4047 sub
1149 3986 1283 4051 nomine

189 4082 263 4162 ejus
278 4080 337 4163 qui
351 4079 498 4146 ordinem
513 4081 606 4147 ducit
619 4083 802 4163 reperietur.
