2752 4694
183 324 250 390 wi)
533 341 652 388 anna.
678 341 800 388 navtur
827 341 935 388 norae

114 489 119 498 '
185 482 306 546 virginati
326 483 378 531 tale
390 481 451 546 quid
467 482 605 544 impetrare
618 488 716 546 posset,
754 483 804 532 ties
817 482 933 531 meminit
942 481 1063 534 Juvenal.
1073 482 1128 531 Set.
1140 495 1187 530 xv.
1205 481 1292 532 ‘Cam

185 558 330 622 prasertim
351 572 422 619 vero,
440 564 470 606 nt
492 559 625 606 nocturnis
646 559 717 607 hisce
754 573 855 622 maguae
868 559 1054 621 gaudiacoeuae
1074 557 1293 620 Sentirentposi·

184 633 341 694 epectaculis
351 632 499 680 interesset.
524 632 718 680 Cumnonraro
755 633 789 682 tis
819 632 852 682 ad
877 634 975 696 templs
997 638 1024 680 et
1046 633 1162 694 compita
1183 635 1294 692 mensis,

186 707 312 767 auditum,
336 704 406 770 κόρην
431 705 472 770 βίᾳ
493 709 719 769 διαπαρθενευθεῖσα
755 709 933 771 Pervigiliquu
957 715 1023 768 toro,
1048 723 1126 771 quem
1153 716 1234 757 nocte
1259 724 1293 759 ac

186 783 213 829 lv
230 780 379 844 παννύχισιν,
396 788 425 830 nt
444 783 558 844 loquitur
571 780 719 831 Heraclitus
754 784 812 832 lnce
824 783 957 846 jacentem
976 783 1107 845 Septimus
1127 783 1229 832 interea
1244 785 1294 834 Sui

178 858 272 920 'Epist
307 859 339 906 ad
373 858 572 906 Hermodorum.
616 849 718 907 Gellius
754 857 872 908 invenit!
904 857 1238 924 illudquoquelvsrapddp·
1256 861 1295 908 ire

187 946 289 996 quoque
316 933 361 982 tib.
381 945 420 980 ιιι.
447 947 502 995 cap.
523 936 564 981 2³.
587 940 612 980 et
631 933 717 983 Plaut.
757 935 834 983 toties
848 934 888 982 hic
905 934 1054 996 repetitum,
1070 947 1120 982 uon
1139 933 1294 984 deambula·

187 1005 717 1058 Aululariameminerevitiatarumnoctu
756 1010 850 1059 tioucm
874 1009 961 1072 modo,
987 1009 1033 1058 sed
1056 1009 1222 1058 saltationem
1251 1010 1292 1058 iu-

186 1083 329 1131 inveneris
337 1083 494 1144 Pervigitiis.
509 1083 719 1134 eramobremet
752 1098 845 1145 nuere,
861 1085 949 1148 itaque
966 1092 993 1132 et
1012 1085 1093 1132 choros
1110 1084 1239 1142 additum,
1257 1086 1293 1132 ad

188 1159 227 1208 Μ.
239 1159 342 1208 Tullius
355 1159 386 1207 de
397 1159 460 1221 Leg.
473 1159 519 1208 lib.
531 1173 563 1210 ιι.
579 1169 719 1211 nocturnas
755 1161 905 1224 choragium
923 1160 1100 1208 indicandum.
1145 1159 1223 1208 Unde
1246 1174 1293 1207 ex·

187 1233 251 1282 istas
263 1232 289 1281 iu
301 1233 358 1282 Diis
374 1234 492 1283 colendis
509 1236 718 1298 pervigilationes
756 1236 815 1296 teri,
826 1241 908 1284 eatrur
918 1235 944 1283 in
954 1237 1038 1294 dunzo,
1049 1250 1064 1283 a
1077 1235 1170 1299 quibus
1182 1241 1210 1284 et
1221 1236 1292 1297 ipsas

188 1308 454 1371 pestAristophanem
462 1309 628 1372 improbavit,
636 1313 719 1360 sauci·
755 1313 862 1361 choreas
879 1312 1024 1360 ‘intrudas'
1038 1311 1130 1360 dixere
1142 1312 1222 1374 vulgo
1233 1312 1294 1360 Mu·

188 1383 334 1446 martirque
353 1386 466 1447 putavit,
484 1393 513 1434 nt
528 1386 664 1435 mulierum
681 1386 719 1435 fa·
755 1385 811 1435 eici.
843 1386 886 1435 Sic
907 1386 998 1449 virgil.
1016 1386 1074 1435 AEn.
1092 1399 1135 1435 rx.
1148 1400 1212 1435 cum
1225 1401 1293 1450 prae·

187 1473 254 1508 mam
265 1460 404 1508 multorum
414 1460 495 1508 oculis
505 1462 626 1509 iunctura
635 1468 720 1510 custo·
755 1461 878 1523 misisset,
894 1462 901 1489 ‘
919 1462 1000 1512 Juvat
1019 1462 1152 1525 indulgere
1173 1462 1294 1525 choreis:

189 1533 254 1584 diat.
283 1535 371 1585 Quare
384 1549 399 1582 a
411 1535 562 1597 pannychiis
574 1536 720 1598 hujusmodi
756 1538 846 1586 rtatim
856 1537 981 1601 subdidit,
991 1538 999 1564 ‘
1009 1538 1051 1586 lte
1064 1552 1112 1599 per
1124 1538 1177 1586 alta
1189 1538 1294 1602 Dindy-

189 1606 300 1670 Augusti
312 1608 720 1677 seculojurenesabesseutrius·
756 1627 806 1673 rna,
826 1612 869 1661 ubi
892 1612 1007 1661 adsuetis
1029 1612 1138 1661 biforem
1156 1612 1204 1662 dat
1226 1614 1294 1663 tibia

158 1733 161 1737 ,
189 1693 240 1747 qne
253 1684 414 1746 sexusjussi‚
431 1683 482 1731 nisi
493 1698 550 1732 curu
568 1684 654 1748 aliquo
667 1699 722 1733 ma·
756 1691 877 1736 cantum)
920 1687 996 1736 Silius
1028 1687 1120 1736 Punic.
1150 1689 1198 1738 tib.
1230 1702 1294 1737 vrrr.

185 1760 315 1823 jorenetu
325 1760 535 1823 propinquorum.
552 1761 628 1808 Unde
637 1762 722 1824 sequi·
756 1761 866 1817 ‘ibant¹
887 1768 913 1810 et
932 1762 986 1811 laeti
1008 1769 1126 1811 sanatum
1147 1777 1210 1824 pars
1227 1778 1293 1812 voce

191 1841 244 1896 tur,
757 1836 906 1885 canebant.'
950 1838 1018 1886 Nam
1039 1843 1067 1886 et
1089 1837 1168 1898 juata
1190 1837 1293 1888 Arnob.

199 1929 201 1933 ·
222 1915 255 1960 42
272 1912 330 1959 dam
342 1911 419 1959 tribur
429 1910 510 1959 choros
520 1909 722 1970 videresseriotos
757 1910 802 1959 lib.
816 1925 854 1960 ιν.
865 1909 908 1961 fol.
920 1915 964 1960 89.
997 1911 1090 1960 Gentis
1108 1912 1152 1960 itta
1170 1914 1294 1975 genetrix

188 1987 304 2048 noctibus,
322 1989 457 2048 Congregea
475 1987 538 2035 inter
558 1989 722 2037 caterona-ire
757 1987 862 2049 Martiae
875 1986 1021 2048 regnatoris
1032 1994 1059 2034 et
1072 1987 1160 2049 populi
1170 2002 1294 2050 procrea-

188 2063 316 2124 periuros
337 2067 400 2125 tuos,
415 2063 514 2112 Florem
534 2062 598 2111 inter
618 2078 723 2125 coronas,
758 2060 820 2120 trix,
837 2074 927 2108 amens
947 2061 1057 2108 saltatur
1076 2061 1174 2123 Venus,
1194 2068 1224 2110 et
1246 2077 1297 2125 per>

189 2132 294 2200 myrteos
314 2138 378 2185 inter
406 2140 484 2201 emor]
514 2137 554 2185 Ad
577 2138 722 2201 hujusmodi
759 2150 848 2185 omues
867 2135 988 2184 adfectus
1005 2137 1162 2186 meretriciae
1183 2138 1295 2188 vilitatis

148 2254 154 2265 .
190 2207 469 2274 festaPervigiliorurn
489 2212 603 2275 tripudia
620 2213 724 2262 videtur
759 2209 891 2272 impudica
907 2210 1060 2273 exprimitur
1071 2211 1218 2261 imitatione
1231 2213 1296 2263 hac-

190 2288 334 2350 respexiase
345 2288 500 2349 Venusinus,
517 2289 558 2337 vet
569 2289 654 2337 verius
673 2289 723 2337 Ro·
759 2284 839 2333 chari.
872 2284 904 2332 Id
924 2284 993 2348 qnod
1013 2284 1058 2335 lib.
1075 2299 1106 2334 ιι.
1124 2284 1169 2335 tol.
1180 2291 1222 2336 lt.
1240 2289 1297 2337 cla·

191 2375 282 2410 manns
304 2362 426 2425 Lyncea,
448 2363 473 2410 in
496 2363 566 2422 Otia,
582 2366 590 2392 ⁴
607 2364 723 2414 Solvitur
759 2359 811 2407 rius
824 2360 972 2421 prostituit:
992 2360 1093 2409 idcirco
1105 2361 1204 2409 animas
1213 2363 1295 2424 misit,

186 2437 260 2485 ‘acris
277 2435 359 2485 hiems
379 2443 453 2499 grata
473 2437 530 2486 vice
541 2438 617 2486 Veris
634 2447 662 2487 et
674 2439 722 2486 Fa·
759 2435 960 2485 cautiouihnsut
972 2437 1096 2499 praeirent
1106 2435 1234 2487 obscoeuis
1246 2454 1296 2488 nu-

192 2509 269 2559 voui:
294 2511 353 2561 Jam
376 2512 506 2573 Cytherea
533 2512 624 2561 choros
650 2512 722 2562 ducit
758 2512 905 2569 merostter,
922 2519 949 2559 et
966 2511 1131 2560 scabillorum
1150 2527 1297 2578 concrepa·

191 2588 280 2636 Venus
299 2589 450 2638 imminente
468 2591 546 2647 Luna,
565 2589 721 2654 Jnnctaeque
759 2586 873 2634 tionibus
895 2587 1005 2647 sonoris,
1033 2587 1126 2650 qrrihus
1148 2589 1295 2638 animarum

193 2663 321 2726 Nymphis
344 2664 442 2711 Gratiae
464 2663 589 2712 decentes
612 2663 722 2713 Alteruo
758 2662 808 2709 alia
827 2662 962 2710 lasciviens
981 2661 1119 2710 multitudo
1139 2663 1297 2727 incomposi-

194 2743 289 2786 terram
308 2737 428 2802 quatiunt
445 2737 530 2801 pede‚'
548 2741 597 2786 ἀι.
632 2740 722 2788 Pervi·
759 2743 799 2785 tos
811 2753 947 2800 corporum
960 2739 1145 2787 dissolveretur
1160 2739 1186 2786 in
1198 2746 1297 2801 motus,

193 2813 334 2877 giliumque
343 2813 392 2862 hoo
401 2821 452 2861 tam
462 2813 644 2862 soliemuenon
657 2814 722 2863 adeo
759 2814 898 2874 saltitaret,
916 2820 943 2862 et
953 2820 1086 2873 cautaret,
1103 2815 1233 2877 octiesque
1245 2817 1297 2864 sal·

194 2889 311 2938 absimile
335 2889 437 2938 videtur
458 2891 526 2939 india
556 2890 723 2952 secularibus,
760 2889 1003 2938 tatutiosverteret.
1025 2888 1298 2952 ‘Congrrxcaterva’

194 2980 258 3030 qnos
281 2966 349 3014 idem
370 2967 464 3015 Horat.
478 2967 525 3014 ait
544 2965 633 3026 fuisse,
649 2967 657 2995 ‘
673 2968 724 3016 Ter
759 2964 811 3024 hic,
828 2970 857 3012 ut
873 2965 942 3026 apud
956 2963 1083 3012 Prudent.
1100 2965 1233 3027 ‘segrex,'
1249 2967 1296 3015 ad-

189 3039 326 3101 dlectare,
344 3034 656 3104 totiesqnegrataNeote
673 3040 724 3089 fre·
756 3039 865 3103 jective.
898 3041 945 3087 Est
967 3047 1063 3099 autern,
1084 3044 1114 3086 ut
1138 3040 1163 3086 in
1183 3041 1298 3105 Glossis,

193 3117 332 3180 quenteie.'
366 3119 400 3165 Et
418 3116 544 3165 Politian.
564 3116 589 3163 iu
608 3118 724 3165 versione
761 3112 886 3175 ὁμόφυλος,
903 3113 1013 3173 tribulis,
1039 3128 1164 3176 congrex,
1182 3117 1298 3177 gentilis.

194 3191 314 3238 carminis
324 3184 584 3254 Sybilliuideeadem
594 3186 723 3252 re,‘Tum
756 3190 858 3239 'Ausom
881 3189 965 3253 Epist.
987 3189 1020 3237 ad
1043 3189 1191 3252 Paulinam,
1206 3192 1297 3242 ‘Cum

194 3263 273 3326 digna
283 3264 457 3312 sediliaDivis
467 3265 572 3328 Perque
582 3265 724 3328 diesjuxta
761 3281 840 3330 grege
859 3269 934 3328 vulgo
953 3265 1084 3329 Augustas
1100 3281 1206 3316 servare
1223 3269 1298 3319 vias!

188 3337 223 3387 'et
240 3341 724 3403 noctesmnttesimaturhaCompleu-
761 3340 838 3394 Quod
862 3356 925 3391 vero
955 3357 1056 3390 sacrum
1090 3339 1158 3390 cum¹
1180 3358 1296 3394 rosarum

194 3412 242 3463 to.'
275 3414 342 3462 Nam
355 3421 408 3462 tnm
422 3415 453 3462 ad
470 3416 549 3463 instar
559 3416 663 3465 Cereris
677 3419 725 3466 ini·
760 3416 876 3477 floribus,
898 3424 925 3465 et
942 3424 1027 3478 myrto
1039 3418 1138 3465 Veneri
1149 3417 1211 3467 inde
1223 3421 1297 3469 Mur·

193 3487 290 3537 tiorum
310 3489 451 3551 Pervigilia
472 3488 579 3553 fiebant,
600 3491 643 3539 uhi
664 3508 725 3542 vero
762 3493 809 3542 cire
826 3493 914 3552 dictae,
931 3491 1022 3557 (prout
1038 3493 1063 3540 U
1083 3491 1249 3557 Latinorum,
1269 3503 1297 3544 et

190 3565 247 3628 jarn
270 3564 376 3612 advenit
407 3564 490 3614 festus
517 3566 580 3627 dies,
603 3567 726 3633 triduum,
761 3568 942 3618 ‘t'Greecorum
966 3567 1057 3615 eodem
1079 3582 1142 3615 sono
1161 3570 1297 3634 prolum)

195 3642 394 3706 trinoctiurnque
415 3642 495 3690 sacris
515 3642 608 3692 intenti
626 3645 653 3692 in
671 3645 725 3709 ripa
762 3642 869 3703 factum,
885 3639 964 3704 supra
984 3642 1016 3690 ad
1039 3657 1106 3690 vers.
1125 3649 1150 3693 5.
1168 3659 1297 3706 praemon·

195 3717 254 3782 ipsa
274 3718 374 3766 Tiberia
395 3719 538 3781 agitabant,
562 3720 725 3784 quemadmo·
763 3720 909 3767 stravimus.
941 3718 985 3766 Sic
1004 3731 1106 3780 quoque
1125 3718 1207 3768 Ovid.
1224 3721 1297 3770 Fast.

196 3793 257 3842 dnm
269 3793 347 3843 verba
359 3803 450 3843 sonant
462 3796 578 3859 ejusdem
588 3797 681 3859 Augeli
693 3797 725 3846 de
762 3807 800 3842 tv.
817 3794 824 3820 ‘
838 3792 950 3840 Numina
968 3795 1086 3854 vulgares
1097 3795 1210 3844 Veneris
1228 3799 1297 3845 cete-

140 3911 143 3914 ,
195 3876 284 3918 monte
301 3868 425 3918 Poloiano
444 3869 468 3917 iu
480 3871 595 3919 Miscell.
614 3876 725 3934 captiti.
762 3869 838 3918 hrate
854 3870 963 3931 puellae:
982 3869 1097 3932 Cumque
1112 3885 1159 3918 sua
1177 3870 1299 3922 Dominae

196 3943 274 4006 Apud
293 3942 436 3993 Arnobium
458 3959 561 4009 qnoque
581 3945 626 3993 lib.
640 3961 663 3995 v.
681 3946 725 3994 hu·
763 3945 823 3993 date
841 3951 915 4007 grata
933 3943 1068 4006 sisymbria
1085 3956 1182 4008 myrto,
1199 3949 1299 3999 Texta·

190 4018 305 4082 jusmodi
323 4027 414 4068 sancta
430 4020 572 4081 Pervigilia
583 4027 611 4067 et
622 4020 725 4083 Peuny-
763 4036 811 4086 que
829 4020 972 4082 composita
987 4021 1092 4083 juncea·
1105 4022 1191 4072 vincla
1212 4026 1299 4075 rosa:’

198 4095 255 4143 chia
267 4103 451 4156 memorantur,
463 4088 492 4143 ut
504 4101 531 4143 et
543 4094 612 4157 apud
624 4095 725 4144 Livium
763 4104 791 4146 et
802 4097 897 4146 Horat.
909 4109 929 4144 ι.
948 4094 1001 4145 od.
1011 4101 1036 4146 4.
1050 4097 1108 4160 jem
1126 4097 1221 4162 citata,
1238 4109 1300 4164 post

196 4170 242 4219 lib.
252 4183 334 4218 xxur.
351 4169 480 4220 triduana.
509 4168 725 4232 Septidaauernm
762 4171 980 4222 Veneris'choroa
994 4171 1092 4236 subdit,
1106 4175 1115 4201 ⁸
1127 4173 1208 4224 Nunc
1218 4175 1299 4227 deret

197 4256 299 4307 quoque
321 4243 521 4306 Pervigiliorum
543 4245 612 4308 apud
631 4239 726 4311 AEgyp·
764 4254 810 4297 aut
831 4245 909 4296 viridi
931 4245 1042 4298 nitidum
1065 4257 1154 4313 capnt·
1170 4249 1299 4317 impedire
