2752 4694
202 326 268 402 614
453 348 491 397 u.
515 347 551 398 n.
575 345 722 397 nunaut
746 340 1044 395 conuauuanrus

205 504 276 554 euru,
289 489 476 555 quocolumbae
494 502 577 539 mares
596 499 656 538 tuos
675 500 733 552 pro·
769 492 827 536 tor:
844 488 927 536 multo
938 483 1299 549 magisego,qnibourosom,

205 572 359 632 sequuntur,
375 573 421 615 ant
436 567 458 615 si
477 580 527 630 qua
542 565 593 615 alla
609 565 662 613 avis
684 570 733 622 est,
770 562 853 612 debeo
864 563 956 626 puellae
966 576 1029 610 mee
1041 566 1151 624 peccata
1162 571 1237 621 equo
1247 556 1302 605 ani·

204 657 263 706 qua
274 642 351 692 etiam
371 641 540 704 impotentius
559 654 645 689 amare
663 640 733 688 dica·
770 652 811 686 nro
822 636 908 698 t'erre3
924 651 982 686 cum
992 633 1189 698 illapraesertim
1202 637 1230 680 et
1239 644 1300 680 raro

204 722 386 780 tun-quantus
403 722 443 765 cst
461 730 533 765 amor
551 715 684 763 mulierum
707 715 733 763 in
771 720 873 776 peccet,
885 719 912 761 et
924 726 973 761 uon
992 725 1103 773 mecum,
1119 707 1164 758 sed
1177 706 1297 757 eumalio

203 790 273 840 viros
282 784 357 854 suos,
374 789 417 839 ubi
435 806 480 840 eos
494 805 553 840 vere
565 797 637 840 etex
649 790 734 841 auium
772 793 854 848 nupta
864 787 907 835 rit.

207 873 302 915 amant.
798 864 852 913 tto
879 860 1009 923 Omniuoli]
1036 858 1157 911 Omnlum
1178 857 1304 908 formosa·

237 945 284 990 11⁰
301 940 367 1002 Seri]
391 940 534 1002 tuumlrov·
558 942 624 990 tales
647 951 734 991 antem
772 952 829 987 rum
841 937 974 987 mulierum
986 949 1072 984 amore
1083 932 1226 996 flagrantis.

203 1015 281 1078 louge
292 1017 417 1065 carissimi
428 1032 483 1066 csse
495 1023 692 1066 consueverunt.
806 1018 852 1063 141
870 1012 946 1076 Atqui
962 1025 1005 1060 uec
1015 1009 1089 1072 diuis]
1105 1008 1137 1058 Iu
1150 1007 1303 1072 quibusdam

205 1113 208 1118 ·
238 1095 284 1141 lat
304 1091 352 1145 Qui
363 1091 530 1155 cumdioitiia]
550 1092 601 1143 Qui
620 1092 662 1140 vix
680 1097 735 1140 tan·
773 1087 856 1149 libris,
874 1086 1011 1149 posthunc
1029 1088 1130 1133 versum
1142 1082 1305 1131 desideratur

204 1163 263 1214 dem
276 1167 303 1214 iu
315 1166 399 1215 lucem
411 1166 506 1228 editus,
517 1166 560 1215 ubi
573 1166 682 1230 primunr
693 1166 736 1214 be·
774 1168 955 1225 pentameter:
981 1160 1008 1208 iu
1037 1159 1093 1208 aliis
1119 1157 1242 1207 scribitur
1270 1157 1304 1207 ad

204 1240 292 1289 recab
308 1254 355 1290 avo
366 1256 412 1290 sno
424 1242 536 1304 scriptur
548 1248 597 1306 est,
607 1240 697 1302 efficit,
708 1247 736 1290 nt
774 1237 841 1286 hunc
859 1236 1116 1299 modum,'1uguaturu
1133 1235 1229 1284 tremuli
1248 1236 1306 1284 tolle

206 1315 322 1378 gentilis,
342 1317 386 1379 qui
412 1316 543 1380 sperabat,
564 1315 736 1364 hereditatem
771 1312 962 1375 poreutisoruss:
979 1309 1306 1375 quemversumalilvarie

206 1391 240 1439 ad
251 1396 280 1439 'se
289 1391 438 1439 devolutum
447 1391 488 1451 iri,
496 1390 530 1439 ob
542 1389 621 1453 idque
631 1389 737 1451 impium
775 1397 888 1455 ponunt:
907 1405 956 1453 ego
972 1389 1068 1439 nullam
1078 1388 1138 1437 huie
1150 1388 1208 1438 loco
1218 1386 1307 1437 idone·

152 1507 157 1519 .
207 1465 328 1530 gaudium
349 1481 382 1516 ex
402 1466 545 1515 imminenti
567 1466 635 1514 senis
655 1470 738 1513 morte
774 1482 815 1516 am
834 1465 989 1516 senteutiam
1009 1478 1042 1513 ex
1060 1478 1092 1514 eo
1107 1478 1183 1528 posse
1194 1464 1307 1528 exprimi

207 1539 337 1603 capiebat,
358 1541 444 1603 eique,
466 1545 589 1604 tauquam
612 1539 738 1587 vulturius
775 1548 850 1607 puto.
911 1561 915 1569 ·

207 1614 309 1679 aliquis,
325 1613 487 1676 imminebat,
504 1614 617 1678 gaudere
629 1613 740 1675 desinat,
809 1621 856 1667 147
875 1617 954 1673 Quare
972 1617 1031 1665 illud
1049 1616 1110 1666 autu
1126 1614 1173 1678 est]
1192 1614 1307 1663 Videtur

207 1689 281 1738 inani
300 1704 329 1738 sc
348 1689 547 1752 exspectatione
569 1688 686 1737 delusum
704 1688 739 1736 vi·
775 1692 824 1742 hoe
836 1691 943 1752 dicere3
962 1692 1025 1741 satis
1044 1690 1092 1742 sibi
1109 1705 1175 1752 etse,
1194 1689 1216 1739 ri
1232 1689 1309 1739 bona

200 1764 283 1815 dent·
776 1768 865 1832 puella
876 1772 972 1830 praeter
983 1774 1086 1816 ceteros
1095 1764 1201 1827 babeat,
1211 1770 1241 1812 nt
1251 1765 1309 1827 ipsa

241 1845 289 1890 Μ
301 1839 572 1903 Μ(1111]Αῐ118ῑῑῧῑῐῦ
581 1839 739 1902 misnam·
777 1858 821 1893 eos
829 1831 879 1893 sibi
891 1843 946 1891 dies
954 1840 1063 1891 candido
1072 1841 1161 1904 lapillo
1169 1839 1308 1902 signandos
1349 1873 1351 1878 -

244 1916 355 1980 nouus]
380 1918 420 1965 Eo
438 1915 541 1965 nomine
560 1913 741 1977 intelligebant
777 1919 963 1983 putet,quibus
974 1931 1032 1967 cum
1043 1912 1308 1981 ipsodeliciasfacere

209 1996 393 2041 testamentum
415 1993 443 2041 in
462 2005 613 2057 quacunque
633 1991 741 2041 materia
778 1994 870 2058 possit.

210 2065 346 2127 scriptum.
812 2073 859 2119 rao
883 2070 938 2118 Hoc
957 2068 1015 2133 uls]
1040 2067 1158 2116 uanum
1180 2063 1309 2114 reorum

244 2143 291 2189 lua
311 2140 428 2204 Geatilir]
451 2141 573 2191 Gentiles
592 2140 634 2205 qui
654 2140 742 2190 dican·
778 2146 919 2206 Manlium
937 2159 1057 2210 eumque,
1076 2145 1186 2194 Carmen
1204 2143 1310 2192 conclu·

210 2219 265 2277 tur,
286 2221 358 2265 tecte
373 2215 490 2279 explicat
507 2216 563 2265 Cic·
581 2215 607 2264 in
626 2216 742 2284 Topicis·
778 2221 853 2282 deus,
863 2221 966 2284 optimis
977 2219 1102 2269 ominibus
1113 2218 1287 2284 prosequitur.

210 2289 290 2340 Errat
301 2297 387 2340 autern
407 2292 455 2340 boc
473 2293 530 2341 loco
547 2291 686 2348 Guarinus,
698 2290 742 2354 qui
813 2300 859 2345 157
876 2298 911 2345 Er
928 2297 967 2359 qui
984 2292 1112 2358 principio]
1135 2293 1188 2342 Hic
1206 2304 1309 2358 qnoque

212 2360 346 2429 minem,
362 2364 496 2414 ‘affinem'
507 2366 703 2427 interprebitur-
779 2385 869 2420 versus
880 2371 951 2420 varie
968 2371 1083 2433 legitur3
1100 2382 1186 2433 neque
1195 2383 1246 2432 ego
1256 2369 1310 2434 qui·

244 2443 291 2489 124
308 2439 426 2502 mantal]
440 2439 565 2501 Depellit.
704 2450 706 2454 ·
780 2446 839 2495 dem
861 2445 929 2495 illius
948 2444 1104 2494 seutentiam
1123 2445 1186 2494 satis
1206 2444 1312 2510 assequi

235 2514 397 2576 vulturium]
413 2513 563 2574 vulturios,
581 2517 627 2562 aut
643 2525 743 2574 corros,
779 2535 890 2586 possum,

212 2601 261 2653 per
276 2591 376 2654 jocum,
398 2588 571 2638 hereditatum
592 2593 742 2651 captatores
812 2601 860 2646 160
876 2597 932 2645 Lex
942 2595 1006 2658 ma]
1023 2594 1149 2658 Lesbiam,
1159 2595 1261 2659 opinor,
1271 2595 1312 2644 in·

213 2666 354 2716 1⁰0²b⁸¹1b
780 2673 888 2735 telligit:
907 2687 983 2736 quam
995 2671 1028 2720 ab
1037 2672 1172 2722 illaaltera
1181 2672 1312 2721 diversam

245 2742 269 2789 Δ
280 2754 339 2788 cauo
347 2739 436 2803 cupiit]
453 2738 504 2788 Avi
516 2738 564 2790 tui·
781 2761 847 2809 ease,
858 2761 934 2796 exeo
952 2747 1056 2810 colligo,
1073 2746 1143 2812 qnod
1160 2747 1240 2810 paulo
1252 2753 1312 2797 ante

246 2819 295 2865 128
319 2815 458 2879 Multiuola]
484 2813 595 2863 Videtur
615 2813 665 2864 boc
686 2816 745 2866 loco
782 2836 848 2882 eam,
860 2821 893 2870 de
911 2835 962 2885 qna
977 2827 1031 2870 tam
1047 2823 1131 2872 multa
1147 2822 1312 2872 inhocPoe'·

212 2888 283 2940 ldem
294 2890 392 2950 valere,
403 2889 481 2954 quod,
497 2889 626 2952 impotens
637 2891 663 2938 in
676 2905 744 2940 amo·
781 2895 1110 2959 matedixerat,domiuam
1121 2895 1272 2948 nominavit.

213 2979 253 3027 re,
274 2965 329 3014 sire
350 2964 521 3015 immoderate
544 2978 647 3014 amans:
676 2965 745 3030 quod
988 2979 992 2986 ’

207 3048 302 3112 tamen
313 3042 375 3092 milri
395 3056 499 3108 quoque
515 3041 689 3092 duriusculum
708 3042 745 3093 vi·
916 3022 1069 3075 CARMEN
1081 3024 1181 3074 LXIX·
1272 3042 1276 3049 '

213 3118 298 3169 detur.
816 3126 830 3172 1
855 3121 914 3170 Noli
937 3120 1064 3183 admirare]
1100 3121 1209 3170 'fetrum
1238 3121 1310 3170 illurn

246 3198 295 3243 129
303 3195 357 3245 vSed
364 3194 404 3258 tu]
422 3194 585 3245 Laodamiam
597 3196 745 3260 alloquitur.
782 3198 990 3261 virulentumque
1009 3196 1124 3260 odorem,
1142 3197 1185 3261 qui
1203 3211 1238 3245 ex
1254 3197 1313 3260 alis,

217 3292 219 3297 ·
248 3271 294 3317 llll
312 3268 448 3330 Autuibil]
474 3271 561 3329 Nnue,
572 3271 667 3320 omisa
681 3271 747 3319 Lao·
784 3288 832 3338 pro
843 3278 1026 3337 temperaturae
1037 3272 1157 3322 nimirum
1175 3273 1312 3338 victusque

216 3338 309 3400 damin,
320 3341 345 3390 ei
363 3341 476 3404 puellam
496 3342 575 3406 illam,
592 3342 625 3392 de
642 3357 694 3407 qua
705 3358 747 3392 ou·
784 3348 893 3411 ratione,
903 3346 936 3397 ab
947 3348 1004 3396 aliis
1022 3347 1135 3410 gravior,
1146 3346 1180 3397 ab
1197 3347 1255 3397 aliis
1266 3349 1313 3398 mi·

214 3415 304 3478 perins
316 3421 415 3477 egerat,
427 3415 537 3467 confert.
784 3437 830 3471 nus
842 3422 926 3485 gravis
938 3420 1052 3484 afflatur,
1062 3429 1088 3471 et
1100 3422 1187 3472 Graeci
1200 3423 1314 3488 scripto·

144 3510 148 3517 ·
235 3494 297 3540 117
314 3490 447 3541 Stultorum
458 3492 532 3555 more]
554 3493 747 3544 Stultumenim
784 3511 826 3546 res
836 3493 934 3560 τράγον,
946 3503 974 3546 et
991 3496 1077 3546 Latini
1094 3496 1237 3560 ‘caprum,’
1253 3499 1314 3548 ‘ca-

216 3572 258 3615 est
280 3566 366 3616 conari
387 3567 419 3616 ad
443 3567 594 3618 muliebrem
615 3569 747 3620 libidinem
784 3572 876 3637 pram‚'
898 3571 1036 3633 ‘hircum’
1058 3572 1091 3622 ab
1113 3573 1168 3636 eJus
1190 3572 1315 3623 videlicet

216 3641 401 3694 coercendam.
427 3644 549 3708 Propert.
565 3645 705 3709 ‘Tuprius
719 3652 748 3697 et
784 3649 899 3699 animalis
918 3649 1105 3712 graveolentia,
1123 3653 1228 3697 vocant.
1260 3649 1315 3698 Ru·

215 3716 312 3769 ductus
331 3719 427 3782 poteris
446 3721 544 3770 siccare
563 3721 685 3791 marinos,
701 3721 747 3770 nt·
784 3721 837 3772 tium
850 3721 930 3785 igitur
949 3721 1105 3787 quempiam,
1123 3721 1253 3771 hominem
1264 3722 1315 3773 ista

218 3806 300 3863 taque
316 3796 418 3847 mortali
437 3797 551 3859 deligere
566 3804 637 3846 astra
657 3812 745 3861 manu,
785 3797 873 3848 odoris
883 3795 1001 3847 foeditate
1017 3803 1114 3860 praeter
1124 3803 1226 3847 ceteros
1236 3797 1315 3862 iusig-

216 3874 301 3926 Quanr
312 3873 409 3937 facere,
419 3879 449 3922 nt
457 3877 553 3923 nocua
565 3873 647 3923 nolint
657 3886 747 3937 pecca·
784 3888 854 3935 nem,
865 3872 981 3936 exagitat
992 3872 1091 3933 Poita3
1109 3872 1206 3937 aitque,
1221 3874 1315 3925 mirum

217 3962 247 3998 re
259 3948 374 4013 puelle!
784 3945 1315 4012 uou'esse,sieumpuellaeomneaasper·

250 4028 299 4074 las
314 4023 384 4089 Saepe
393 4023 465 4074 etiam
474 4021 551 4086 duno]
567 4022 595 4072 Si
605 4022 746 4088 Juno,quoe
784 4028 920 4072 uenturae
937 4020 1077 4084 refugiant,
1093 4035 1177 4086 neque
1189 4022 1248 4072 ullis
1260 4036 1315 4073 ruu-

218 4098 334 4151 Dearum
344 4101 455 4152 maxima
470 4106 522 4164 est,
540 4100 698 4150 creberrima
708 4109 746 4150 ta·
783 4098 888 4148 neribus
900 4097 1007 4161 perduci
1018 4101 1115 4161 queant
1122 4096 1154 4145 ad
1166 4094 1315 4149 faciendam

126 4233 131 4245 ἱ
218 4176 374 4228 mananti
393 4175 528 4245 adulteria,
542 4173 659 4241 perferre
677 4176 746 4241 cogi·
783 4173 808 4224 ei
818 4173 917 4238 copiam
933 4172 989 4224 sal:
1005 4172 1101 4238 quippe
1118 4173 1315 4237 gestariabeo
