2752 4694
131 317 198 386 782
443 336 451 351 ⁴
481 326 600 376 sunu.
624 324 746 374 urvrru
770 324 877 374 Nova
913 320 917 331 ·

130 474 234 526 Cuncta
244 473 297 522 suis
308 487 315 522 :
328 474 398 520 totns
408 468 506 534 pariter
514 468 562 518 tibi
573 473 662 532 partu·
698 482 772 516 mane
784 468 895 517 maxima
907 465 971 516 roris
986 465 1070 530 eopia,
1084 466 1140 517 'teu
1151 470 1235 518 testa·

132 551 169 600 rit
191 547 287 598 0rbis.'
321 547 399 597 Hand
418 545 571 596 absimiliter
587 559 661 604 sane,
699 543 834 592 tanalm.

132 640 209 690 quam
227 626 304 673 Luer.
321 623 365 672 lib.
376 636 404 673 v.
425 624 433 651 ‘
446 621 547 672 Ordine
557 635 615 671 eum
624 621 662 670 vi·
731 616 882 670 Summatim
894 620 924 665 ut
935 615 969 665 de
978 615 1017 665 bis
1026 616 1236 670 tribusversiou·

132 701 195 751 deas
202 706 254 749 tam
263 707 337 749 certo
348 706 442 748 cuneta
453 698 552 748 creari:
564 697 591 747 lt
598 696 661 760 Ver,
698 693 730 743 lis
747 693 871 755 mamus,
888 707 1027 756 expressos
1047 693 1106 743 illos
1123 708 1194 758 esse,
1206 702 1237 745 nt

133 774 417 837 etVenus,etVeueris
428 773 661 838 prenuueinsante
699 769 787 834 plures
806 770 879 832 alios,
897 768 931 818 de
949 769 1042 832 Virgil.
1060 769 1236 835 Georg.11.e

132 851 267 902 Pennatus
272 850 399 914 graditur,
404 849 539 914 Zephyrus
550 848 663 911 vestigia
700 846 824 910 graphica
834 845 910 894 Veris
919 843 1125 906 adumbratione,
1135 859 1150 895 a
1162 860 1235 896 vers.

131 934 257 992 proptera
282 927 360 976 Flora
380 924 473 990 quibus
490 931 574 973 mater
596 936 662 987 prse-
699 927 756 973 dai.
775 922 879 986 penitus
891 920 1007 985 persuasi
1022 933 1125 972 snmus:
1143 922 1236 974 ‘Vere

132 1017 258 1068 spargens
276 1008 338 1051 ante
357 1000 406 1049 viai
422 999 663 1051 cunetaeoiuribus
701 1003 801 1046 tument
823 1002 910 1060 terra,
935 1001 963 1044 et
989 995 1115 1060 genitalia
1136 998 1237 1048 semina

131 1079 243 1142 egregiis
265 1084 293 1127 et
314 1076 435 1127 odoribus
461 1076 561 1140 opplet.
596 1074 663 1123 lnde
701 1078 826 1138 poscunt:
846 1072 910 1120 'l'um
926 1078 1000 1134 pater
1011 1073 1176 1136 omnipotens
1187 1071 1237 1124 i‘oe·

132 1154 185 1205 ioci
199 1155 316 1219 sequitur
335 1154 406 1203 calor
417 1153 514 1214 addus,
531 1158 559 1201 et
577 1165 664 1202 eomes
701 1147 793 1199 eundis
814 1145 937 1196 imbribus
964 1147 1045 1197 sethar
1062 1148 1191 1212 Conjugis
1209 1148 1237 1197 in

133 1245 186 1280 una
207 1229 396 1283 Pulveruienta
416 1228 512 1292 Ceres,'
526 1231 576 1278 dre.
609 1227 664 1276 Ita·
701 1226 828 1290 gremium
849 1226 919 1274 laeta
948 1224 1094 1287 deseendit,
1123 1226 1235 1276 atinde

134 1317 186 1370 que
213 1304 357 1369 generatim
377 1305 512 1368 premisit,
540 1303 609 1369 quod
637 1310 666 1353 et
701 1302 819 1352 Parturit
829 1301 911 1350 alnum
923 1307 1000 1363 ager3
1017 1299 1185 1378 Zephyrique
1197 1307 1236 1351 te-

133 1380 217 1429 amieo
232 1379 335 1429 cuidam
349 1379 472 1429 Seriverii
495 1379 602 1443 placuit,
622 1378 665 1428 eui
701 1377 824 1441 pentibus
843 1377 913 1426 aruis
939 1377 1042 1432 Laxant
1059 1389 1125 1425 arva
1146 1376 1236 1427 sinus:

134 1461 275 1518 propterea
283 1454 334 1517 legi
346 1469 419 1518 posse
427 1456 452 1503 iu
464 1461 577 1505 mentem
588 1468 665 1504 vene·
702 1458 809 1516 superat
819 1459 893 1502 tener
904 1452 1021 1502 omnibus
1038 1451 1132 1500 irumor
1142 1467 1235 1503 2—nee

133 1537 184 1592 rat,
198 1530 275 1592 Urget
284 1531 311 1580 irs
320 1532 392 1580 aedos
402 1538 502 1580 ieamer.
534 1530 665 1580 Venerem
702 1529 797 1579 metuit
808 1535 945 1591 surgentes
954 1528 1092 1593 pampinus
1103 1528 1237 1579 Austros!

133 1600 280 1669 surgentes,
296 1621 351 1668 seu,
370 1612 401 1655 ut
411 1604 541 1655 Martialis
553 1604 667 1669 vocavit,
703 1603 763 1654 Hoc
772 1602 942 1655 fundamento
951 1604 1143 1670 eurruitSeriv.
1153 1610 1238 1655 suue-

133 1687 284 1731 ereseentes
294 1695 353 1730 suas
360 1682 469 1744 papillas
482 1680 555 1730 nodis
565 1686 593 1729 et
601 1686 666 1730 stro·
703 1686 776 1743 tura;
792 1690 880 1730 nostra
894 1688 980 1733 autem
998 1681 1054 1730 bae
1072 1680 1168 1731 nititur
1178 1695 1239 1731 eor-

132 1756 199 1820 phiis
224 1755 381 1818 coercuisse,
407 1757 449 1805 vel
476 1756 556 1805 etiam
580 1755 664 1818 ipsam
703 1757 1237 1823 rectio,lpmsorgestispopiiiusdeFovoni

133 1831 264 1880 Venerem
276 1831 327 1880 leni
339 1830 453 1894 Zephyri
464 1828 529 1879 datu
541 1829 667 1880 tumefao-
702 1831 790 1893 spiritu
809 1833 899 1894 Turget
916 1832 943 1880 iss
961 1837 1025 1883 toros
1042 1836 1165 1895 tepentem
1183 1833 1238 1896 ipen

134 1913 175 1958 tes
184 1906 294 1971 papillas
305 1907 332 1978 in
344 1912 414 1956 toros
426 1912 547 1970 tepentes
555 1905 668 1976 unxisse,
702 1907 765 1957 roris
779 1907 861 1971 incidi,
874 1908 960 1959 Nostis
975 1923 1035 1957 nuru
1052 1922 1121 1970 queas
1131 1908 1239 1972 salierit,

134 1987 224 2047 prout,
244 1983 324 2046 Apul.
347 1981 443 2044 verbis,
461 1987 593 2044 unguento
615 1979 667 2031 fra·
703 1983 796 2047 spargit
803 1983 1021 2048 ismmtesupeasr
1038 1983 1067 2033 id
1079 1990 1129 2045 est,
1143 1985 1238 2034 Dorul-

135 2057 300 2121 grantissimo
309 2058 452 2122 proluvium
462 2055 576 2106 libidinis
587 2055 668 2106 susei·
703 2072 738 2108 na
756 2059 855 2116 Venus,
872 2059 1059 2123 procreationis
1077 2073 1187 2123 praeses,
1207 2063 1240 2110 si·

135 2140 215 2186 tatur.
250 2133 328 2186 Quod
343 2147 392 2182 nee
410 2131 523 2182 Weitzio
539 2130 668 2195 improba·
704 2135 757 2183 mul
779 2148 811 2183 ae
841 2135 972 2185 ‘reseram
993 2134 1064 2198 viget
1086 2134 1240 2194 genitabilis

135 2216 201 2272 turn,
220 2209 265 2275 qui
283 2209 345 2260 inde
361 2207 437 2271 legit,
457 2208 551 2269 Unguet
566 2207 594 2256 irs
605 2209 668 2257 toros
704 2223 767 2258 aura
775 2207 927 2271 Favoni-:ut
939 2208 1010 2258 canit
1021 2210 1139 2272 lueret„
1151 2209 1240 2274 quoad

134 2290 258 2351 tepentem
278 2301 310 2336 eo
333 2285 402 2350 qnod
419 2285 492 2348 Lips.
509 2283 602 2349 aliique
616 2283 669 2333 edi·
704 2285 823 2348 proprias
843 2283 947 2348 turgida
966 2283 997 2334 fit
1017 2283 1137 2346 papillas,
1159 2290 1240 2349 atque

136 2361 245 2424 dissent,
260 2363 363 2424 Urgsut.
396 2360 600 2424 Indeporroiiia
611 2361 669 2424 ipsa
704 2366 848 2425 propterea
857 2365 885 2410 et
895 2359 954 2422 ipsa
970 2373 1073 2425 quoque
1091 2358 1178 2408 onsnia
1191 2357 1242 2409 fte-
1288 2394 1290 2398 -

135 2437 216 2500 Diva,
224 2444 254 2487 nt
270 2436 392 2486 similiter
402 2443 430 2485 et
441 2442 538 2486 terram
549 2436 668 2498 inungat,
705 2436 859 2500 enudatnra,
880 2443 951 2499 toros
969 2441 1090 2499 tepentes
1102 2441 1130 2483 et
1142 2449 1241 2485 coneu-

136 2517 165 2561 et
186 2513 267 2562 veluti
287 2516 468 2575 pregnantem
491 2509 580 2573 faeiat,
604 2509 669 2559 roris
705 2511 788 2568 bitum
807 2511 949 2573 desiderat,
966 2517 994 2561 et
1013 2512 1073 2560 irino
1085 2518 1163 2560 terrae
1176 2525 1241 2576 quo·

133 2587 225 2649 lucidi,
243 2587 328 2636 noetis
347 2601 411 2635 aura
429 2586 542 2647 relictas,
553 2586 668 2648 guttulas
705 2603 756 2652 que
763 2586 988 2640 fructificationem
997 2585 1171 2636 sollicitatura
1181 2601 1242 2651 pro·

134 2660 340 2712 fecundissimas
352 2661 463 2725 undique
475 2662 583 2724 spargit.
616 2660 668 2711 Sed
705 2670 803 2716 movet.

136 2743 225 2787 tamen
250 2737 377 2800 prevalet
403 2736 497 2786 merito
524 2736 595 2799 apud
621 2751 669 2786 nos
739 2742 769 2788 lv
789 2740 822 2789 lit
842 2753 881 2789 me
898 2744 969 2788 cunni
993 2738 1110 2802 lacryma]
1135 2737 1241 2788 Iterum

136 2813 202 2864 iilud
228 2813 315 2878 Urget,
332 2827 382 2863 nee
397 2815 478 2862 ullum
490 2813 578 2865 turbet
588 2814 668 2878 serip-
706 2815 776 2878 Lips.
787 2830 835 2878 pro
846 2822 921 2880 parte
933 2815 1092 2875 emendavit,
1106 2815 1139 2862 Ει
1149 2815 1241 2864 ιιιιιωιι

138 2897 194 2941 tum
215 2888 296 2940 fuisse
321 2891 413 2953 Urguet
430 2890 514 2940 veteri
535 2905 617 2954 more,
640 2897 670 2941 ut
705 2891 816 2955 iacrymas
834 2896 966 2941 tremmtes.
1000 2890 1130 2954 iutelligit
1149 2897 1239 2940 autem

137 2968 255 3017 videmus
273 2969 301 3018 in
318 2967 444 3016 Varronis
461 2966 582 3036 disticho,
599 2967 670 3019 ‘Qui
706 2967 821 3029 guttulas
841 2966 898 3016 illas
920 2981 935 3015 e
953 2980 1011 3015 rora
1025 2964 1194 3016 subsilientes
1214 2975 1242 3015 et

137 3049 201 3110 pote
213 3044 269 3107 plus
280 3049 386 3107 urguet,
406 3043 490 3106 pisces
502 3049 532 3091 ut
542 3057 612 3106 saepe
622 3043 670 3092 mi·
707 3041 883 3092 lascivientes.
907 3042 1044 3107 Reliquum
1052 3055 1080 3090 se
1091 3055 1145 3090 uon
1156 3051 1244 3107 posse,

137 3126 215 3170 nutus
226 3118 334 3182 Magnu’
345 3124 453 3182 comest,
466 3124 496 3168 ut
507 3119 662 3169 avesenecat
707 3118 777 3168 ultro
788 3114 921 3178 coufessus
932 3122 989 3166 est:
1014 3117 1167 3165 Lemutium
1178 3132 1242 3166 sero

140 3194 286 3258 accipiter!
706 3194 743 3246 sie
760 3195 798 3245 ait
816 3195 986 3258 supplevisse,
1003 3194 1114 3243 deradito
1128 3196 1243 3257 pondere,

173 3275 205 3319 ld
222 3271 308 3320 Noctis
318 3285 385 3333 auro,
400 3270 454 3334 ira]
470 3268 670 3319 Nouimmeriio
707 3271 785 3321 unica
796 3284 869 3333 voee,
879 3269 947 3319 sieut
958 3277 985 3319 et
995 3269 1022 3321 J.
1035 3270 1074 3318 St.
1088 3269 1244 3333 Verbesisss,

138 3337 218 3394 Salui.
235 3351 266 3394 ut
284 3352 313 3395 et
330 3346 411 3396 Janos
428 3347 581 3408 Wovverius,
591 3351 670 3416 atque
708 3344 885 3410 praedeeessor
902 3351 1001 3407 noster,
1015 3343 1078 3393 illud
1091 3344 1243 3395 iuMiseeii.

138 3421 232 3470 Weits.
255 3434 272 3468 a
292 3420 365 3482 Lips.
383 3426 412 3470 et
436 3420 518 3470 Seriv.
541 3433 670 3470 secessum
708 3422 761 3472 suis
786 3420 853 3469 baud
875 3420 954 3470 dubie
973 3421 1033 3470 hine
1047 3428 1183 3472 mutuatus
1199 3437 1243 3474 ex-

138 3494 248 3559 faeiunt,
260 3510 337 3560 quum
348 3495 390 3546 bie
402 3496 573 3560 corrigerent,
585 3496 671 3547 Nostis
708 3496 811 3560 pressit,
820 3496 828 3526 ‘
837 3495 898 3545 dans
906 3510 965 3545 rore
977 3496 1104 3546 decadivo
1114 3497 1176 3548 Suae
1189 3513 1242 3547 nsa-

138 3585 198 3620 ouru
221 3584 290 3635 paam
311 3570 417 3634 reliquit,
439 3572 560 3633 exemplo
578 3571 670 3635 Virgil.
708 3572 773 3622 ritus
794 3571 877 3622 imber
895 3572 1040 3622 Foeenndat
1061 3585 1124 3622 arva
1147 3573 1244 3624 tersa!

138 3646 221 3698 ‘Cum
246 3646 318 3696 venti
340 3660 460 3711 posuere,
480 3647 612 3712 omnisque
631 3662 671 3698 re·
707 3647 801 3697 Waltz.
823 3646 898 3710 ponit
917 3661 966 3710 pro
985 3647 1096 3697 deciduo
1109 3641 1243 3700 deeidiooe

140 3728 221 3786 pente
248 3721 348 3772 resedit
371 3721 479 3774 illatus!
512 3721 576 3786 ipsa
602 3723 670 3772 enim
707 3721 803 3778 Nonio.
825 3721 865 3770 uti
887 3722 1016 3772 recidivus
1038 3722 1143 3775 dieitur.
1189 3726 1244 3776 Sed

139 3798 224 3848 Diona
242 3798 345 3862 spargit
360 3799 492 3848 humorem
506 3798 580 3861 ruris,
594 3811 671 3862 quesn
707 3795 802 3848 Scriba
817 3796 867 3846 iste
877 3797 995 3847 Batavus
1006 3797 1044 3848 ita
1056 3799 1174 3864 scripsit,
1185 3815 1244 3850 ver·

139 3872 264 3938 relinquit
272 3887 335 3925 aura
344 3873 436 3923 lucidas
444 3872 539 3936 noctis,
547 3886 604 3937 qnae
612 3871 671 3934 ipsa
708 3872 757 3937 sui,
765 3872 835 3937 qnod
846 3874 966 3937 putabat,
974 3875 1148 3939 consulturus,
1158 3878 1245 3927 iami-

137 3963 212 4012 saepe
228 3949 313 4000 noetis
330 3963 394 3999 aura
413 3963 514 4000 omnem
537 3948 671 3996 humorem
695 3964 753 4000 >me
763 3951 1245 4015 miemttvemeateedeeodr'ropouderes

140 4035 276 4089 roremque
292 4026 395 4088 exsugit
413 4031 442 4075 et
458 4023 589 4084 exsorbet,
605 4037 671 4086 prae·
707 4025 776 4091 quod
787 4032 876 4076 nostro
893 4024 1003 4076 ductori
1014 4041 1142 4092 perquam
1153 4038 1244 4080 essent

139 4098 217 4161 oipue
228 4100 250 4148 si
268 4100 303 4151 sit
315 4100 498 4150 veliementior.
529 4097 582 4152 Ubi
598 4097 672 4146 mini·
708 4098 849 4149 familiares
859 4100 909 4149 iiia
921 4101 1069 4165 elegantiae,
1079 4106 1086 4133 ‘
1096 4103 1130 4153 de
1142 4104 1244 4156 Favoni

140 4186 183 4224 usa
192 4181 232 4225 est
246 4189 308 4229 aura
318 4182 456 4242 nocturna,
467 4182 521 4226 tum
539 4173 604 4226 solet
614 4188 670 4257 esse
708 4173 819 4238 spiritu,’
830 4173 879 4224 ‘de
888 4173 988 4226 eadueo
997 4176 1133 4242 pondere‚'
1143 4177 1242 4230 ‹laesu-
