2752 4694
188 331 255 396 ’490
440 343 478 391 ss.
501 344 537 393 s.
562 343 708 394 aunum
732 341 1033 392 consuescamus

188 468 257 532 hanc
268 496 370 532 versum
383 482 423 532 ita
433 483 561 546 legebant,
577 483 624 532 Ille
637 483 718 546 palae·
754 479 905 546 Penelopen
915 497 974 532 cnm
986 496 1017 533 eo
1028 481 1218 533 commiscuisss
1228 480 1288 539 sne:

188 560 225 608 ris
245 558 377 623 Erythrai,
400 559 487 622 miror,
513 557 558 609 uhi
580 557 719 608 habuerint
754 571 908 621 pus,e0que
924 566 982 607 ssta
1000 557 1099 610 editura
1114 558 1198 608 Pasa.
1231 559 1287 609 uod

188 647 272 686 sares.
389 667 393 675 -
753 633 948 696 (intulissent,
963 648 1024 698 qsss
1041 633 1070 682 in
1086 634 1177 698 plures
1190 633 1288 700 preb·

221 713 271 761 216
288 710 417 773 dbrqrutus
434 709 486 758 aab
501 706 628 772 miss]
650 707 718 759 'rae
752 715 808 770 tur,
823 709 979 759 sententiam
990 709 1145 774 insequitur.

184 785 718 850 sst.illsd‚‘siqais¹dsiparsalusauia
784 789 834 836 2⁸1
853 783 1287 848 mammatae

188 861 305 911 Luderet
320 861 424 921 AEsess,
441 861 486 925 qui
505 867 533 911 ts
552 867 653 913 tutam
668 875 717 911 ere
742 860 919 916 :inmutat
930 862 1047 911 Helenes
1058 861 1260 924 Epithalamium
1272 876 1289 911 s

183 935 717 1002 auferretz’usdauutunfflcnktmto',
746 937 901 1001 mocrito,
916 935 1019 1001 liutpert,
1036 934 1055 984 ὃ
1072 934 1161 998 νύμφα,
1183 935 1286 999 χοίρους

163 1012 542 1076 .0assaqrto:-=eenmcicero
553 1011 626 1076 dicit,
640 1011 717 1063 ‘volo
754 1012 982 1078 sdrlruqeqdpbpe.
1015 1011 1312 1074 memoratarum,

186 1087 236 1138 tibi
247 1087 311 1137 deus
319 1089 386 1137 hanc
396 1102 451 1137 reru
462 1087 577 1138 feliciter
584 1089 691 1138 evenire
700 1088 717 1138 ι’
752 1089 916 1154 κσυρότρσφσι,
925 1090 993 1151 ὔμμιν
1003 1087 1136 1150 thessalae,
1152 1087 1242 1152 Κύπρις
1252 1087 1289 1152 ul,

186 1162 221 1213 de
236 1177 287 1229 qua
304 1163 381 1226 hujus
400 1163 472 1214 'verbi
488 1165 593 1214 notione
613 1166 717 1230 scripsi·
753 1167 795 1216 tad
806 1165 892 1230 Κύπρις
903 1164 954 1215 ἴσον
964 1165 1059 1230 &partae
1075 1163 1211 1227 Ἀλλιίλων,
1228 1164 1287 1216 zeba

186 1253 243 1289 mas
254 1239 355 1303 pridem
366 1240 392 1289 in
403 1240 536 1291 Andriam.
569 1242 717 1292 Estautem
753 1241 788 1304 ti,
798 1242 908 1307 Κρονίδας
918 1241 984 1302 ztir,
997 1240 1096 1303 dodum
1106 1240 1189 1302 ὄλβον,
1200 1240 1286 1302 ‘ortt

185 1313 229 1364 hic
240 1314 387 1367 tamitana
398 1315 519 1367 infantuli
530 1317 607 1381 longa
617 1318 716 1368 suavis·
753 1317 892 1381 εὐπατριδᾶν
912 1316 944 1367 ris
965 1315 1101 1380 εὐπατρίδας
1125 1315 1197 1376 πάλιν
1219 1314 1285 1380 ἔνη.

186 1391 260 1441 sima.
753 1392 1220 1457 Eiber’tsdhhdhuaurtpvuapahbrma
1228 1390 1285 1443 ῐνέ·

220 1471 268 1517 221
281 1467 375 1518 Smilla
383 1469 461 1533 patri]
472 1470 565 1520 Horat.
582 1471 717 1520 ‘Laudem
749 1477 828 1532 ὀντες,
846 1469 892 1518 Kal
902 1468 981 1519 πόθον.

183 1548 232 1611 ⁴tur
241 1543 318 1592 simili
333 1546 407 1608 prule
418 1544 572 1609 puerperae!
606 1545 715 1596 Hesiod.
785 1549 834 1594 284
847 1538 1286 1607 Μιιιιινσιιιιίἀιιι]Αιιίι1ιιονοιιὸ-

186 1617 257 1669 inter
275 1618 352 1670 ferrei
372 1623 459 1672 sarculi
478 1622 639 1672 calamitates
657 1628 715 1672 eam
751 1619 788 1670 ¹ris
799 1635 854 1670 usu.

187 1709 289 1761 quoque
301 1698 382 1760 pouit,
398 1698 466 1762 quod
477 1699 549 1747 nulla
558 1699 592 1747 sit
609 1699 635 1747 iu
652 1699 715 1748 libe·
889 1695 1042 1746 CARMEN
1061 1694 1149 1744 LXII.

186 1771 222 1820 ris
242 1780 378 1834 pareutum
398 1775 548 1837 similitudo,
563 1773 624 1823 obal
638 1774 716 1839 πατὴρ
786 1777 800 1822 l
821 1773 911 1836 Vesper
919 1773 998 1835 mest]
1016 1774 1126 1822 Carmen
1145 1770 1194 1821 lroc
1216 1769 1287 1833 ejus·

185 1845 310 1896 παίδεσσιν
329 1847 424 1911 amalr,
446 1848 535 1898 οὐδέσι
555 1852 644 1900 παῖδες·
665 1852 715 1900 etsi
753 1847 812 1897 dem
831 1849 976 1913 argumenti
997 1853 1038 1897 est
1059 1862 1117 1896 curu
1140 1846 1289 1910 superiores·

186 1923 260 1988 illud,
275 1924 370 1988 laedas,
385 1926 438 1975 scio
458 1927 535 1975 aliter
551 1940 653 1991 quoque
671 1941 715 1975 ex·
752 1924 885 1988 Principio
903 1931 990 1973 saitem
1012 1922 1099 1972 Poeta
1117 1935 1151 1970 ex
1164 1935 1212 1969 sua
1224 1928 1287 1983 per·-

185 1999 248 2061 poni
276 2013 369 2062 posse:
395 1999 515 2064 idemque
541 2001 716 2051 sanctissimus
749 1997 954 2062 'sunaloquitnr3
970 2003 1061 2060 postea
1080 2009 1143 2045 vero
1162 1995 1236 2059 paeri
1255 2003 1287 2044 et

185 2074 280 2137 Poeta,
296 2091 346 2141 quo
364 2077 420 2125 locu
442 2085 581 2140 percenset
591 2093 635 2128 ess
646 2084 715 2128 cosu'·
752 2072 845 2137 puell&
857 2071 963 2121 alternis
974 2079 1082 2121 canunt·

186 2151 336 2215 moditates,
353 2151 446 2216 quibus
466 2152 511 2201 Dii
528 2153 660 2202 cumulant
670 2154 715 2201 ho·
790 2147 888 2210 Vesper]
905 2148 984 2210 Cujus
996 2154 1090 2197 exortu
1105 2160 1179 2195 uuvae
1191 2152 1284 2210 nupto

186 2228 370 2291 miaesjustos,
379 2229 512 2293 nitentum
521 2228 716 2277 uxoressimilia
752 2226 779 2274 in
799 2225 911 2274 virorum
931 2223 1021 2272 dumos
1033 2222 1144 2285 perduci
1155 2223 1285 2272 solebant.

186 2305 340 2366 parentibus
359 2305 468 2367 pignore
488 2318 591 2367 parere,
607 2304 715 2354 Τίιιτσυσι
752 2300 862 2351 Interim
881 2307 968 2351 autem
996 2299 1141 2350 canebatur
1166 2297 1286 2363 Hymen·-

181 2376 212 2428 ’ἃ
221 2382 328 2439 ’γυναῖκες
340 2378 432 2428 ἐοικότα
440 2378 512 2427 τέκνα
520 2380 623 2439 γονεῦσι.
751 2388 814 2427 ἐπε.

218 2457 268 2503 229
286 2455 429 2517 Telemacho]
447 2455 546 2518 Ulyssis
557 2455 609 2505 tilio
620 2470 654 2505 ex
665 2457 715 2506 Pe·
785 2458 800 2504 2
822 2454 871 2503 Vix
886 2454 992 2518 tandem]
1010 2452 1102 2504 Omnis
1121 2453 1190 2504 euim
1209 2468 1286 2504 mora

187 2529 292 2592 nelops.
751 2531 829 2594 longa
840 2531 956 2594 cupienti
967 2548 973 2580 r
991 2545 1023 2578 ex
1036 2530 1158 2594 opinione
1170 2530 1218 2579 hoc
1235 2530 1287 2593 igi·

218 2608 268 2653 2³⁰
286 2604 434 2668 Penelopes]
450 2605 601 2669 Penelopen
616 2619 649 2655 ex
659 2607 715 2657 Ho-
751 2612 804 2667 tar,
821 2620 871 2655 noa
889 2621 922 2655 ex
934 2607 1053 2668 veritate,
1068 2604 1167 2653 dictum
1178 2610 1235 2664 est3
1252 2612 1285 2654 ut

185 2678 250 2729 mni
261 2680 447 2743 predicatione
458 2695 546 2730 omues
561 2683 599 2731 ita
616 2689 714 2732 castam
750 2680 824 2743 illud,
839 2682 917 2733 ‘Jam
928 2681 1033 2732 taudem
1052 2681 1138 2730 ltalia
1157 2678 1283 2745 fugientis

185 2754 267 2805 fuisse
283 2757 402 2818 creduut,
418 2764 447 2805 ut
470 2757 526 2819 ejus
545 2771 647 2820 numen,
663 2772 714 2807 nou
751 2757 900 2821 prendimus
911 2756 988 2808 oras)

185 2831 299 2880 mulieris
304 2833 368 2895 jam,
388 2832 435 2881 sed
448 2846 513 2895 pene
524 2833 604 2896 ipsine
616 2833 714 2896 pudici·
783 2837 799 2882 6
817 2832 921 2881 Cunitis
932 2830 1053 2894 innuptas]
1068 2830 1184 2881 Juveues
1197 2831 1284 2897 prim'o

186 2907 231 2956 tiae
257 2921 350 2956 nomen
379 2914 494 2971 putetur.
528 2909 595 2958 Sunt
616 2915 713 2972 tamen,
750 2908 891 2957 excitarit:
907 2907 1020 2957 nnucad
1040 2907 1138 2970 puellas
1154 2909 1285 2958 conversi-

84 2998 87 3004 <
185 2982 230 3046 qni
245 2996 302 3031 eam
321 2983 550 3047 impudicissimum
565 2984 647 3034 faisse
662 2991 714 3034 tra·
750 2988 809 3043 tur;
827 2998 923 3047 easque
935 2983 1098 3032 emulatione
1110 2983 1216 3034 excitat.

180 3057 257 3120 dant,
273 3059 410 3123 precisque
428 3058 517 3108 ordine
537 3059 653 3109 omnihus
674 3060 713 3109 fe·
781 3058 948 3121 lAEthereos]
970 3058 1021 3108 Alii
1038 3073 1100 3121 eoas,
1115 3057 1185 3122 quod
1197 3059 1283 3122 recipi

184 3133 252 3183 cisse
272 3133 373 3196 copiam
393 3134 449 3182 sai:
467 3133 536 3197 quod
557 3141 584 3183 et
604 3134 712 3183 Homer.
749 3147 802 3183 nun
817 3141 915 3198 potest,
932 3149 989 3184 cum
1011 3133 1055 3183 hic
1076 3132 1110 3182 de
1131 3135 1216 3182 noctis
1238 3133 1285 3182 ad·

183 3207 359 3258 subindicasse
370 3208 453 3269 sirint,
471 3223 528 3258 cam
541 3223 596 3258 eam
606 3209 713 3259 tenden-
749 3216 829 3259 ventu
837 3217 946 3274 agatur:
960 3210 1002 3259 alii
1012 3215 1115 3273 optatus,
1126 3209 1170 3258 ulii
1180 3210 1283 3273 OEtoeos,

183 3283 219 3332 do
229 3296 290 3332 arcu
301 3283 371 3331 vires
383 3297 470 3331 eorum
483 3289 596 3332 tentasse
607 3291 711 3335 narrat:
750 3291 780 3334 ut
791 3284 826 3333 sit
836 3285 920 3334 simile
931 3284 980 3346 illi,
995 3285 1003 3314 ‘
1014 3287 1113 3348 Sparge
1129 3285 1224 3335 marite
1235 3299 1283 3335 nu·

182 3359 223 3408 ita
243 3358 346 3422 quidem
373 3373 460 3408 arcum
479 3359 550 3408 illum
572 3360 713 3423 intellexit,
749 3374 808 3409 ces:
833 3360 883 3409 tihi
903 3360 1003 3410 deserit
1022 3361 1157 3424 Hesperus
1173 3361 1281 3411 OEtaur)

182 3437 329 3502 quicunque
341 3441 484 3485 auctorest
499 3437 577 3499 lunge
595 3436 712 3486 urbanis·
749 3442 828 3500 atque
846 3435 937 3486 horum
954 3439 1109 3486 alterutrum
1128 3435 1198 3486 haud
1217 3435 1280 3487 sane

176 3505 240 3561 ¹simi
251 3513 300 3560 hac
318 3511 351 3560 de
369 3526 397 3561 re
415 3511 626 3576 Epigrammatis,
642 3511 711 3576 quud
742 3511 947 3575 repudiaverim.
1183 3522 1187 3529 ’

182 3586 331 3635 interlusus
342 3585 477 3648 Priapeios
488 3587 591 3650 legitur.
626 3587 711 3637 luter·
782 3585 904 3648 NoctrYer]
921 3587 1066 3651 Hesperus.

181 3677 242 3727 pres
261 3662 391 3712 Theocriti
409 3661 504 3710 alicubi
520 3662 621 3724 asserit,
637 3663 710 3712 Paua
780 3661 938 3723 tilinilacre]
957 3663 1001 3711 De
1012 3660 1105 3724 puellis
1115 3659 1178 3723 ipsis
1197 3661 1280 3726 luqui-

180 3737 263 3789 tilium
285 3753 342 3787 esse
363 3739 509 3800 Penelopes
536 3752 570 3787 ex
594 3738 710 3788 omuibus
748 3742 799 3792 tur,
816 3751 879 3799 quas
899 3750 950 3785 nan
970 3742 1068 3784 temere
1088 3735 1211 3785 exiluisse
1226 3734 1281 3785 ait:

174 3814 278 3879 ¹procis,
287 3813 355 3862 uude
366 3819 393 3862 et
404 3827 495 3861 nomeu
504 3813 567 3862 illud
576 3813 710 3878 invenerit,
747 3823 803 3860 esse
815 3810 883 3859 eninr
894 3809 958 3872 ipsis
969 3810 1103 3873 negocium
1112 3825 1170 3859 cum
1176 3811 1280 3882 juveni·

180 3891 250 3956 quod
272 3889 395 3939 videlicet
416 3903 449 3937 ex
476 3889 600 3951 permisto
619 3904 709 3938 eornm
746 3886 794 3935 bus
813 3886 850 3934 ita
866 3884 899 3934 ad
914 3885 1057 3934 canendum
1077 3886 1186 3948 paratis,
1203 3888 1278 3937 atad

173 3962 292 4016 'omnium
301 3965 398 4014 semiue
409 3970 545 4013 concretas
557 3963 633 4014 foret.
654 3963 709 4013 Ali·
746 3976 791 4012 eus
801 3960 911 4011 victoris
920 3969 1041 4024 spectare
1051 3960 1179 4012 videatur.

181 4039 209 4089 hi
221 4048 306 4090 autem
316 4045 415 4101 narrat,
430 4036 499 4102 quod
512 4037 588 4086 etiam
608 4038 709 4101 turpius
780 4040 809 4085 ll
828 4033 984 4098 Noasncilia]
994 4036 1108 4087 Juvenes
1120 4035 1278 4099 loquuntur:

182 4121 232 4176 cst,
242 4116 401 4167 Mercurium
412 4113 571 4165 convertisse
582 4128 610 4163 se
621 4113 647 4162 in
659 4111 710 4164 for·
745 4111 878 4175 aiuntque,
893 4125 944 4161 noa
956 4108 1055 4160 facilem
1073 4109 1122 4159 sibi
1138 4109 1276 4162 victoriam

181 4203 249 4242 ruam
267 4189 347 4241 hirci:
364 4191 437 4253 cujus
454 4189 562 4243 libidine
578 4188 709 4242 incensam
736 4187 817 4253 ‘fores
836 4187 1000 4253 cum-puellas
1012 4185 1277 4240 summscnrauredi·
