2752 4694
412 321 464 370 nu
489 320 654 371 vannum
678 321 944 375 rnnvrcrnruu.
1164 316 1233 381 797

126 467 156 510 et
174 474 261 511 ornnes
279 461 390 526 Magnus
408 463 465 526 alit,
480 478 573 529 magno
592 478 662 515 conr·
684 465 754 532 *totis
779 467 868 517 merob
894 481 979 518 cernue
1004 483 1095 520 ιιιιιιιιιιι
1110 469 1232 531 motin,-

127 538 218 587 mistus
250 553 368 602 corpore,
399 539 493 591 foetus?
542 541 659 607 Indeque
696 541 999 606 lendetqnebeucl'itb.
1017 545 1232 611 lectionemque

127 613 198 676 Lips.
209 613 283 673 vidit,
302 615 378 678 lrnjus
390 616 510 666 'l'rocbaei
527 625 658 668 ructorern
695 615 786 666 AErner
798 617 899 666 Vernus
916 625 993 682 peter
1012 619 1118 684 dicitur,
1140 629 1171 672 nt
1182 623 1231 674 Ju-

123 703 177 738 .non
192 689 333 751 Catullum,
351 691 397 740 sed
408 692 519 755 Virgilio
530 693 658 756 quendam
695 693 778 742 renel.
796 694 852 744 Sat.
874 709 900 743 r.
916 693 1062 747 ‘fremeret
1080 711 1153 748 sara
1170 712 1230 749 curn

92 803 95 807 .
124 779 182 814 erse
196 766 377 830 posteriorem,
385 782 462 832 quern
480 768 521 818 bic
537 782 658 833 expresse
694 768 821 830 grandine
850 783 943 819 rernm
964 770 1107 835 anpiter.'
1149 773 1230 826 Quod

125 839 206 890 fuerit
218 842 342 892 imitatos.
375 844 444 905 Quo,
462 851 491 892 ut
502 843 571 907 npud
584 845 657 894 Ruti·
693 843 998 895 deindePith.enrndern
1010 845 1138 896 ‘Patrem
1147 848 1228 898 rorie'

124 915 196 978 lium,
205 916 267 965 nihil
278 917 347 966 aliud
360 919 418 981 capi
426 919 515 983 adjicit
526 920 658 983 Bertbius,
693 919 800 982 dixerit,
810 919 874 968 illud
886 919 981 970 Weita.
995 922 1157 984 recognovit,
1167 936 1229 974 cum

123 992 165 1038 -vir
183 992 251 1040 omni
270 992 348 1041 laude
365 993 456 1056 major,
473 1009 549 1059 quem
569 997 656 1046 Deum
693 994 761 1057 apud
775 994 853 1044 Pind.
866 996 974 1059 Olymp.
984 1009 1049 1047 1111.
1060 996 1136 1047 tona
1144 997 1230 1064 tna„

125 1081 250 1116 summurn
278 1068 392 1117 omnium
424 1070 533 1120 Patrem
559 1071 655 1120 mundo
692 1066 909 1131 tabescentium,
930 1084 1010 1134 aquas
1030 1072 1132 1135 pluries
1151 1073 1229 1125 uubis

124 1141 197 1203 quasi
215 1143 335 1205 conjugio
346 1144 503 1205 permixtum
518 1145 655 1210 impense.
691 1140 759 1191 filiae
771 1144 896 1193 nominari
908 1145 1059 1196 invenisset.
1083 1146 1163 1199 Saluo.
1175 1162 1227 1199 uon

123 1217 238 1267 Proinde
250 1217 370 1268 Valerius
385 1219 499 1270 Soranus
510 1222 580 1284 epnd
590 1223 656 1272 Ver·
691 1217 763 1278 roric,
774 1230 823 1267 nec
834 1218 902 1279 iotis,
919 1218 965 1268 sed
984 1224 1059 1269 totum
1071 1221 1097 1270 in
1109 1236 1155 1271 eno
1167 1223 1226 1275 cod.

123 1307 221 1353 runem,
238 1309 253 1344 e
274 1301 363 1343 nostra
375 1295 479 1358 quidem
495 1296 655 1346 correctione
691 1289 767 1353 vidit,
777 1297 804 1340 et
815 1291 942 1355 integrum
954 1293 1023 1344 hunc
1035 1295 1121 1344 locum
1133 1297 1172 1346 ila
1182 1311 1227 1347 tx·

122 1377 150 1417 et
160 1369 326 1423 dictinctione
342 1370 499 1433 rectissime,
512 1373 520 1402 ‘
532 1371 656 1436 Juppiter
691 1366 824 1428 plenarii:
843 1369 918 1430 (ΒΜ,
930 1369 1023 1434 inquii,
1034 1371 1085 1420 θῐῖῑ
1095 1371 1162 1432 ὖῑθῦι
1172 1387 1226 1437 (110

121 1445 656 1511 omnipotens,liegum,rernnrqncDeum·
691 1443 789 1504 primns
807 1443 898 1494 AEther
915 1447 1050 1508 copulavit
1067 1448 1182 1510 nuptias,
1197 1455 1226 1499 ct

120 1534 172 1584 que
183 1520 351 1583 Progenitor,
369 1523 550 1587 genitrixquee
566 1526 653 1573 Deum
691 1523 721 1567 at
741 1518 823 1569 Pater
843 1525 926 1569 totum
949 1535 1044 1571 anunm
1067 1524 1179 1582 crearit.
1196 1524 1225 1575 td

117 1596 194 1643 >Deus
206 1610 270 1645 nnus
282 1603 311 1646 et
323 1597 423 1647 omnis!
456 1599 492 1647 Et
504 1598 581 1647 Ennii
590 1599 653 1648 Tro·
689 1598 742 1655 θῦῐ,
762 1594 843 1643 totio!
870 1595 931 1644 tnui
951 1594 1149 1648 secunditatem
1176 1612 1226 1663 per

118 1669 205 1718 clinici
227 1671 253 1718 in
271 1672 427 1734 Epicharmo
444 1675 514 1737 apud
533 1673 651 1723 eumdem
690 1683 780 1718 vernt!
798 1670 881 1720 nubes
900 1671 1047 1735 auspicatus
1065 1679 1121 1723 est:
1139 1688 1226 1725 meren

118 1746 194 1793 Varr.
212 1745 315 1796 ‘lstbic
333 1753 373 1796 est
392 1747 413 1796 is
429 1749 564 1813 Juppiter,
575 1762 651 1811 quem
688 1744 806 1806 dixit,·nt
814 1745 889 1796 initio
897 1747 974 1810 bajus
983 1747 1145 1811 Pervigiiii,‘
1156 1750 1224 1799 Vere

118 1819 188 1882 dico,
211 1835 288 1884 quem
310 1821 396 1871 Greci
423 1829 521 1873 vocent
546 1822 653 1887 Aerem,
688 1818 784 1883 natue,’
804 1827 851 1871 ant
871 1823 997 1873 ‘reantur
1014 1838 1096 1874 annus
1116 1823 1175 1883 ert:
1195 1832 1225 1876 et

118 1895 163 1957 qui
175 1901 267 1944 uentus
277 1902 327 1957 eet,
336 1903 365 1947 et
375 1898 468 1960 nubes,
485 1899 568 1948 imber
579 1905 650 1963 pnet-
690 1894 1118 1960 proaunifertilitatc,ut(lrmci
1129 1913 1224 1951 annum
1329 1950 1333 1959 ,

111 1983 157 2030 ea,
175 1969 264 2034 Atque
289 1985 322 2019 ex
342 1971 425 2021 imbre
444 1971 531 2035 frign’,
549 1981 652 2035 uentos,
688 1969 746 2032 plne
757 1969 854 2030 fecere,
865 1985 943 2034 quem
958 1986 1047 2022 arrum
1059 1973 1160 2035 dicunt,
1171 1971 1225 2024 ires

118 2044 218 2106 postiit
230 2045 276 2094 aiir
287 2045 389 2095 denno:
408 2047 460 2095 Hic
471 2047 540 2112 quod
552 2061 651 2110 omnes,
687 2046 758 2105 ποιεῖ,
769 2042 926 2108 oixilipoope·
943 2048 1095 2111 Quanquam
1104 2050 1150 2098 ct‘
1161 2051 1225 2100 totis

117 2125 145 2166 et
155 2119 204 2168 sub
215 2119 264 2169 boc
280 2128 342 2171 sunt
352 2122 413 2184 ieta,
423 2136 483 2185 quae
499 2121 560 2171 dico
570 2122 648 2184 Jove,
687 2119 797 2170 nubibus
816 2121 982 2172 creare'non
999 2123 1105 2184 insulse,
1126 2124 1172 2174 sed
1189 2125 1223 2174 ed

117 2194 219 2259 Quique
231 2197 353 2246 mortales
370 2203 399 2246 et
416 2211 478 2246 arva
498 2197 648 2261 belluaeque
686 2193 757 2242 illam
777 2193 886 2244 formam
908 2196 1008 2246 dictum
1030 2197 1115 2247 videri
1135 2207 1224 2262 queat,

116 2283 206 2319 omnes
219 2271 315 2334 jurat!
349 2273 447 2322 Eadem
467 2273 557 2335 Eurip.
576 2273 649 2322 dixe·
686 2281 739 2330 qna
754 2269 901 2333 Imperator
919 2270 1044 2321 Galienur
1066 2287 1176 2337 sponsor
1194 2275 1221 2324 in
1311 2288 1317 2299 ·

117 2354 167 2405 rer,
179 2345 267 2410 αἰθέρα,
278 2347 326 2406 τὴν
335 2349 384 2408 γῆν
393 2347 458 2413 πέριξ
473 2346 549 2410 Ιχωσ
569 2348 650 2412 ἡμᾶς
687 2343 803 2405 Epitbal.
813 2345 964 2395 adhortatus
974 2354 1043 2409 erat,
1058 2347 1066 2374 ‘
1079 2347 1133 2408 lte,
1142 2348 1223 2412 agite,

115 2420 142 2469 ir
160 2419 284 2484 ἀγκάλαις,
301 2439 324 2473 κ.
337 2441 362 2472 r.
382 2432 409 2472 λ.
450 2425 516 2476 Qun
539 2423 594 2473 Cic.
616 2423 649 2472 de
686 2420 916 2483 opuerirperiter
924 2421 1018 2472 nudate
1027 2423 1147 2473 medullis
1159 2424 1222 2475 Oru-

118 2497 180 2546 Net.
192 2497 271 2547 Dent,
281 2498 539 2549 lib,11.etPneuv.in
549 2500 649 2563 cheyne
686 2494 762 2542 nibus
773 2495 843 2544 inter
851 2509 896 2545 ros
904 2495 921 2545 ε’
931 2499 989 2546 totio
999 2512 1047 2560 pro
1056 2498 1222 2562 omuibuqut

114 2570 535 2638 furiusinterpretatur,(quemet
544 2575 648 2624 Lucret.
684 2568 816 2630 Sidonius,
835 2570 844 2598 ‘
857 2570 1020 2622 Ambitioeus
1031 2573 1136 2635 Hymen
1149 2581 1220 2625 totas

108 2646 160 2695 tib,
179 2661 207 2695 v,
224 2647 353 2711 nemun)
370 2650 379 2678 ⁴
397 2649 457 2699 1100
475 2650 535 2700 vide
547 2651 646 2700 circum
685 2644 733 2694 tibi
742 2644 855 2695 contulit
866 2653 936 2698 artes
946 2647 1001 2698 z'et
1009 2648 1140 2713 Porphyr.
1152 2650 1222 2701 Poii·

112 2736 252 2787 supraque,
275 2725 343 2788 quod
366 2727 506 2789 complexu
531 2728 648 2777 continet
686 2726 713 2769 io
726 2721 825 2785 Pnneg·
837 2728 914 2772 wien
930 2724 1069 2786 recituto,‘
1083 2724 1219 2790 Urberque

113 2797 232 2861 Terram,
251 2799 277 2847 id
288 2801 370 2850 noetri
383 2808 529 2850 memorant
543 2803 647 2861 emtum,
684 2791 748 2842 flore
759 2803 834 2854 grato
842 2796 1006 2847 'l'otierirent
1014 2799 1125 2860 platein!
1137 2799 1220 2862 Idem,

109 2873 201 2922 Greci
222 2873 360 2937 perhibent
374 2875 497 2924 AEtbe'ra:
516 2875 647 2938 Quicquid
685 2871 693 2897 ‘
708 2870 824 2931 Fastigia
834 2870 909 2919 tote?
943 2872 1023 2922 Quod
1034 2881 1165 2935 preterea
1174 2875 1182 2902 ‘
1191 2874 1219 2924 ln

111 2955 153 2999 est
164 2952 223 3009 boc,
236 2949 320 2998 omnia
332 2949 353 2996 is
366 2950 471 3011 animat,
486 2949 590 3010 format,
602 2964 647 2998 au·
685 2945 767 2992 sinum
787 2945 896 2994 maritus
913 2945 996 2995 imber
1010 2945 1132 2997 fluxisse’
1153 2947 1219 2999 dici·

112 3033 166 3089 get,
177 3025 233 3086 alit,
245 3024 318 3084 serit,
336 3024 446 3086 Sepelit,
463 3024 607 3089 recipitque
618 3025 645 3074 in
683 3025 735 3081 tur,
746 3019 809 3072 illud
821 3028 882 3068 ante
894 3020 989 3083 Virgil.
1009 3023 1146 3072 Lucretius
1161 3023 1218 3086 jem

95 3113 167 3150 eene
180 3100 275 3160 omniu,
288 3099 452 3163 omniumque
469 3099 538 3149 idem
550 3105 591 3149 est
602 3113 645 3162 pc·
683 3100 739 3143 tum
750 3094 796 3144 lib.
808 3107 828 3143 r.
840 3095 945 3155 extulit,
964 3096 972 3123 ‘
985 3105 1095 3159 pereunt
1111 3096 1218 3160 imbres,

105 3184 162 3226 ter.
196 3175 367 3240 indidemque
379 3174 480 3237 eadem,
492 3189 549 3239 qum
560 3175 646 3224 orian-
683 3169 728 3218 ubi
748 3183 792 3219 eos
814 3177 892 3230 pater
913 3169 1004 3220 AEther
1030 3171 1063 3220 In
1090 3171 1217 3234 gremium

108 3257 163 3314 tur,
184 3250 218 3299 de
241 3251 346 3314 integro
366 3264 440 3314 alque
461 3250 553 3299 eodem
577 3251 646 3300 occi.
683 3245 778 3293 Matris
804 3245 894 3293 Tetrici
916 3244 1111 3309 precipitavit?
1155 3246 1215 3296 Nec

107 3324 192 3376 donn'
214 3326 284 3375 Hinc
294 3332 322 3375 et
332 3325 441 3375 Petron.
458 3325 544 3374 ‘Ideo
555 3325 645 3389 quales
683 3334 733 3369 non
752 3319 852 3371 Colum.
871 3321 917 3372 lib.
937 3335 964 3372 x.
984 3322 1018 3372 de
1029 3324 1108 3375 Cultu
1118 3323 1216 3373 llorto·

108 3400 180 3450 fudit
192 3400 226 3449 de
238 3402 338 3451 vertice
349 3399 436 3462 flores,
448 3399 533 3456 Terra
543 3414 646 3465 parens,
683 3411 739 3446 rnrn
752 3412 789 3446 re.
799 3401 856 3449 204.
873 3399 881 3426 ‘
893 3398 1025 3449 Maximus
1044 3399 1101 3462 ipre
1119 3399 1215 3462 Deum,

96 3491 187 3540 quum
207 3491 236 3526 se
253 3474 372 3526 confesso
389 3476 473 3525 vinxit
486 3476 644 3539 amoridnp-
682 3474 769 3537 posito
784 3474 840 3538 jam
861 3472 979 3536 fulmine,
999 3473 1081 3525 fallax
1103 3474 1216 3525 Acrisio·

109 3552 225 3615 piter,ct
239 3558 295 3601 roto
314 3552 437 3613 concepit
453 3557 562 3614 pectore
572 3549 644 3601 flam·
681 3563 744 3598 neos
760 3557 862 3600 veteres
874 3551 992 3601 inritatur
1011 3564 1120 3611 amores,
1131 3550 1215 3615 Inque

110 3640 185 3674 ruas:
216 3626 354 3675 Emicnere
373 3640 447 3686 rose,
468 3626 596 3691 uioleque
616 3633 644 3676 et
682 3628 740 3676 sinn
758 3628 851 3676 Matris
872 3627 1109 3691 violento-depluit
1128 3627 1214 3677 imbri.

109 3703 188 3751 molle
206 3703 348 3765 cyperum,
369 3700 489 3764 Albaque
507 3703 541 3751 de
568 3701 644 3751 viridi
682 3702 740 3751 Nec
751 3702 879 3751 Genetrix
889 3702 954 3751 Neri
964 3715 1032 3750 nunc
1042 3701 1215 3764 adspernatnr

108 3776 229 3825 ridcrunt
257 3777 313 3825 lilia
340 3787 425 3839 prato.
457 3776 526 3824 'l'alis
553 3776 643 3826 burnus
682 3791 804 3839 amorem,
814 3777 865 3826 Sed
878 3778 976 3841 patitur
989 3791 1072 3826 nexus
1083 3775 1214 3826 flammata

103 3851 239 3900 ¹Venerem
256 3851 346 3901 molles
362 3851 483 3901 clamavit
494 3851 521 3899 in
531 3851 643 3902 berbae.’
682 3851 811 3916 Cupidine
826 3852 938 3903 'l'ellnsz'
962 3858 991 3901 et
1010 3852 1108 3902 Amob.
1123 3852 1168 3901 lib.
1185 3865 1212 3902 v.

106 3927 189 3978 Scriv.
210 3935 268 3989 pont
285 3928 365 3976 Salm.
382 3927 408 3974 in
425 3926 580 3975 membranis
591 3940 643 3976 non
681 3926 831 3978 ‘VoeJovis
843 3934 871 3977 ct
882 3928 986 3978 Cereris
996 3927 1092 3977 coitum
1104 3925 1212 3977 imbrem

106 4007 207 4066 mend,
217 4003 352 4067 scriptum.
362 4002 474 4066 reperit;
491 4008 571 4066 atque
586 4003 643 4053 bec
682 4002 777 4066 dicitis,
790 4003 888 4052 telluris
908 4004 933 4051 in
952 4004 1076 4066 gremium
1096 4003 1214 4067 lapsum:

103 4078 147 4125 ita
158 4079 257 4126 rectine
270 4076 362 4126 eodem
371 4075 514 4126 combinari
524 4082 642 4139 tempore
671 4079 730 4127 ἀο-
750 4085 778 4126 et
796 4078 899 4138 iterum,
917 4078 976 4127 ‘An
995 4078 1090 4142 injurie
1108 4079 1212 4142 grauior

102 4149 243 4213 judicavit,
259 4151 375 4214 copularit
394 4149 499 4213 euplius,
521 4150 554 4198 lit
571 4155 642 4214 puter
680 4155 731 4203 nlla
742 4153 813 4217 potis
825 4161 865 4204 ert
882 4153 1002 4220 reperiri,
1018 4169 1096 4220 quem
1113 4159 1211 4205 terrani
