<?xml version="1.0" encoding="UTF-8"?>
<!DOCTYPE html PUBLIC "-//W3C//DTD XHTML 1.0 Transitional//EN"
    "http://www.w3.org/TR/xhtml1/DTD/xhtml1-transitional.dtd">
<html xmlns="http://www.w3.org/1999/xhtml" xml:lang="en" lang="en">
 <head>
  <title>
</title>
<meta http-equiv="Content-Type" content="text/html;charset=utf-8" />
  <meta name='ocr-system' content='tesseract 3.04.00' />
  <meta name='ocr-capabilities' content='ocr_page ocr_carea ocr_par ocr_line ocrx_word'/>
</head>
<body>
  <div class='ocr_page' id='page_1' title='image "./cvaleriicatulli02catugoog_0415.png"; bbox 0 0 2752 4694; ppageno 0'>
   <div class='ocr_carea' id='block_1_1' title="bbox 200 323 969 391">
    <p class='ocr_par' dir='ltr' id='par_1_1' title="bbox 200 323 969 391">
     <span class='ocr_line' id='line_1_1' title="bbox 200 323 969 391; baseline -0.012 0"><span class='ocrx_word' id='word_1_1' title='bbox 200 323 266 391; x_wconf 77' lang='lat'><strong>884</strong></span> <span class='ocrx_word' id='word_1_2' title='bbox 536 335 728 389; x_wconf 77' lang='lat' dir='ltr'><strong>ascensus</strong></span> <span class='ocrx_word' id='word_1_3' title='bbox 754 334 969 385; x_wconf 79' lang='lat' dir='ltr'><strong>nnrrrounrr</strong></span> 
     </span>
    </p>
   </div>
   <div class='ocr_carea' id='block_1_2' title="bbox 193 478 1357 3591">
    <p class='ocr_par' dir='ltr' id='par_1_2' title="bbox 198 478 1309 1069">
     <span class='ocr_line' id='line_1_2' title="bbox 200 478 1309 564; baseline 0 -15"><span class='ocrx_word' id='word_1_4' title='bbox 200 482 348 550; x_wconf 86' lang='lat' dir='ltr'><strong>tinneuln</strong></span> <span class='ocrx_word' id='word_1_5' title='bbox 356 482 402 546; x_wconf 87' lang='lat' dir='ltr'><strong>ait</strong></span> <span class='ocrx_word' id='word_1_6' title='bbox 411 479 514 546; x_wconf 88' lang='lat' dir='ltr'><strong>editor</strong></span> <span class='ocrx_word' id='word_1_7' title='bbox 525 498 723 564; x_wconf 80' lang='lat' dir='ltr'><strong>anonymus:</strong></span> <span class='ocrx_word' id='word_1_8' title='bbox 745 478 1309 562; x_wconf 77' lang='lat' dir='ltr'><strong>‘Hujusceantemsditionismt</strong></span> 
     </span>
     <span class='ocr_line' id='line_1_3' title="bbox 198 581 1307 665; baseline 0.002 -16"><span class='ocrx_word' id='word_1_9' title='bbox 198 584 376 649; x_wconf 87' lang='lat' dir='ltr'><strong>consilium</strong></span> <span class='ocrx_word' id='word_1_10' title='bbox 396 591 434 647; x_wconf 94' lang='lat' dir='ltr'><strong>nt</strong></span> <span class='ocrx_word' id='word_1_11' title='bbox 459 582 640 647; x_wconf 88' lang='lat' dir='ltr'><strong>carminum</strong></span> <span class='ocrx_word' id='word_1_12' title='bbox 665 581 974 664; x_wconf 84' lang='lat' dir='ltr'><strong>pulcherrimorum,</strong></span> <span class='ocrx_word' id='word_1_13' title='bbox 995 601 1083 665; x_wconf 81' lang='lat' dir='ltr'><strong>qum,</strong></span> <span class='ocrx_word' id='word_1_14' title='bbox 1098 582 1307 651; x_wconf 71' lang='lat' dir='ltr'><strong>Lucretiam</strong></span> 
     </span>
     <span class='ocr_line' id='line_1_4' title="bbox 199 682 1307 767; baseline 0.004 -19"><span class='ocrx_word' id='word_1_15' title='bbox 199 689 234 748; x_wconf 91' lang='lat' dir='ltr'><strong>et</strong></span> <span class='ocrx_word' id='word_1_16' title='bbox 256 683 443 767; x_wconf 78' lang='lat' dir='ltr'><strong>virgiliana</strong></span> <span class='ocrx_word' id='word_1_17' title='bbox 471 685 502 748; x_wconf 91' lang='lat' dir='ltr'><strong>si</strong></span> <span class='ocrx_word' id='word_1_18' title='bbox 526 684 692 765; x_wconf 84' lang='lat' dir='ltr'><strong>excipias,</strong></span> <span class='ocrx_word' id='word_1_19' title='bbox 719 684 851 747; x_wconf 83' lang='lat' dir='ltr'><strong>Latinae</strong></span> <span class='ocrx_word' id='word_1_20' title='bbox 879 682 1027 766; x_wconf 69' lang='lat' dir='ltr'><strong>poeseos</strong></span> <span class='ocrx_word' id='word_1_21' title='bbox 1050 684 1177 767; x_wconf 85' lang='lat' dir='ltr'><strong>primas</strong></span> <span class='ocrx_word' id='word_1_22' title='bbox 1202 685 1307 751; x_wconf 75' lang='lat' dir='ltr'><strong>facile</strong></span> 
     </span>
     <span class='ocr_line' id='line_1_5' title="bbox 198 785 1306 870; baseline 0 -19"><span class='ocrx_word' id='word_1_23' title='bbox 198 792 308 851; x_wconf 88' lang='lat' dir='ltr'><strong>tenent</strong></span> <span class='ocrx_word' id='word_1_24' title='bbox 320 793 448 870; x_wconf 87' lang='lat' dir='ltr'><strong>partes,</strong></span> <span class='ocrx_word' id='word_1_25' title='bbox 462 793 575 851; x_wconf 77' lang='lat' dir='ltr'><strong>essem</strong></span> <span class='ocrx_word' id='word_1_26' title='bbox 589 785 797 867; x_wconf 86' lang='lat' dir='ltr'><strong>exemplaria</strong></span> <span class='ocrx_word' id='word_1_27' title='bbox 810 804 887 868; x_wconf 85' lang='lat' dir='ltr'><strong>qnae</strong></span> <span class='ocrx_word' id='word_1_28' title='bbox 907 785 944 847; x_wconf 89' lang='lat' dir='ltr'><strong>in</strong></span> <span class='ocrx_word' id='word_1_29' title='bbox 957 785 1117 849; x_wconf 82' lang='lat' dir='ltr'><strong>manibus</strong></span> <span class='ocrx_word' id='word_1_30' title='bbox 1138 785 1306 869; x_wconf 80' lang='lat' dir='ltr'><strong>juvenum</strong></span> 
     </span>
     <span class='ocr_line' id='line_1_6' title="bbox 198 885 1305 968; baseline 0.003 -18"><span class='ocrx_word' id='word_1_31' title='bbox 198 887 404 968; x_wconf 76' lang='lat' dir='ltr'><strong>elegantioris</strong></span> <span class='ocrx_word' id='word_1_32' title='bbox 417 888 540 968; x_wconf 79' lang='lat' dir='ltr'><strong>ingenii</strong></span> <span class='ocrx_word' id='word_1_33' title='bbox 555 885 730 951; x_wconf 92' lang='lat' dir='ltr'><strong>commode</strong></span> <span class='ocrx_word' id='word_1_34' title='bbox 742 887 868 950; x_wconf 89' lang='lat' dir='ltr'><strong>versari</strong></span> <span class='ocrx_word' id='word_1_35' title='bbox 882 885 1042 968; x_wconf 71' lang='lat' dir='ltr'><strong>possent!</strong></span> <span class='ocrx_word' id='word_1_36' title='bbox 1078 886 1173 952; x_wconf 81' lang='lat' dir='ltr'><strong>Huic</strong></span> <span class='ocrx_word' id='word_1_37' title='bbox 1183 888 1305 952; x_wconf 79' lang='lat' dir='ltr'><strong>libello</strong></span> 
     </span>
     <span class='ocr_line' id='line_1_7' title="bbox 199 985 1130 1069; baseline -0.001 -16"><span class='ocrx_word' id='word_1_38' title='bbox 199 989 283 1055; x_wconf 87' lang='lat' dir='ltr'><strong>bene</strong></span> <span class='ocrx_word' id='word_1_39' title='bbox 298 990 428 1054; x_wconf 86' lang='lat' dir='ltr'><strong>accedit</strong></span> <span class='ocrx_word' id='word_1_40' title='bbox 442 988 594 1052; x_wconf 83' lang='lat' dir='ltr'><strong>Distribe</strong></span> <span class='ocrx_word' id='word_1_41' title='bbox 609 987 650 1049; x_wconf 92' lang='lat' dir='ltr'><strong>de</strong></span> <span class='ocrx_word' id='word_1_42' title='bbox 670 986 790 1051; x_wconf 80' lang='lat' dir='ltr'><strong>Mettis</strong></span> <span class='ocrx_word' id='word_1_43' title='bbox 804 985 930 1050; x_wconf 85' lang='lat' dir='ltr'><strong>Catulli</strong></span> <span class='ocrx_word' id='word_1_44' title='bbox 944 986 1130 1069; x_wconf 84' lang='lat' dir='ltr'><strong>Vulpiana.</strong></span> 
     </span>
    </p>

    <p class='ocr_par' dir='ltr' id='par_1_3' title="bbox 197 1086 1304 2063">
     <span class='ocr_line' id='line_1_8' title="bbox 243 1086 1303 1170; baseline 0.006 -18"><span class='ocrx_word' id='word_1_45' title='bbox 243 1089 409 1155; x_wconf 73' lang='lat' dir='ltr'><strong>Poimata</strong></span> <span class='ocrx_word' id='word_1_46' title='bbox 424 1088 500 1153; x_wconf 85' lang='lat' dir='ltr'><strong>Caii</strong></span> <span class='ocrx_word' id='word_1_47' title='bbox 513 1087 643 1152; x_wconf 87' lang='lat' dir='ltr'><strong>Valerii</strong></span> <span class='ocrx_word' id='word_1_48' title='bbox 659 1087 783 1153; x_wconf 88' lang='lat' dir='ltr'><strong>Catulli</strong></span> <span class='ocrx_word' id='word_1_49' title='bbox 799 1086 941 1170; x_wconf 78' lang='lat' dir='ltr'><strong>Anglice</strong></span> <span class='ocrx_word' id='word_1_50' title='bbox 962 1107 1057 1153; x_wconf 86' lang='lat' dir='ltr'><strong>versa</strong></span> <span class='ocrx_word' id='word_1_51' title='bbox 1082 1108 1104 1152; x_wconf 89' lang='lat' dir='ltr'><strong>a</strong></span> <span class='ocrx_word' id='word_1_52' title='bbox 1131 1090 1204 1154; x_wconf 82' lang='lat' dir='ltr'><strong>viro</strong></span> <span class='ocrx_word' id='word_1_53' title='bbox 1220 1092 1303 1158; x_wconf 79' lang='lat' dir='ltr'><strong>lion.</strong></span> 
     </span>
     <span class='ocr_line' id='line_1_9' title="bbox 200 1189 1304 1272; baseline 0 -16"><span class='ocrx_word' id='word_1_54' title='bbox 200 1190 347 1272; x_wconf 78' lang='lat' dir='ltr'><strong>Georgio</strong></span> <span class='ocrx_word' id='word_1_55' title='bbox 363 1192 482 1270; x_wconf 85' lang='lat' dir='ltr'><strong>Lamb,</strong></span> <span class='ocrx_word' id='word_1_56' title='bbox 504 1192 539 1254; x_wconf 91' lang='lat' dir='ltr'><strong>in</strong></span> <span class='ocrx_word' id='word_1_57' title='bbox 560 1191 690 1255; x_wconf 89' lang='lat' dir='ltr'><strong>dnobus</strong></span> <span class='ocrx_word' id='word_1_58' title='bbox 714 1191 795 1256; x_wconf 78' lang='lat' dir='ltr'><strong>soll.</strong></span> <span class='ocrx_word' id='word_1_59' title='bbox 810 1190 887 1256; x_wconf 85' lang='lat' dir='ltr'><strong>8vo.</strong></span> <span class='ocrx_word' id='word_1_60' title='bbox 902 1190 979 1253; x_wconf 89' lang='lat' dir='ltr'><strong>min.</strong></span> <span class='ocrx_word' id='word_1_61' title='bbox 995 1189 1100 1254; x_wconf 77' lang='lat' dir='ltr'><strong>hond.</strong></span> <span class='ocrx_word' id='word_1_62' title='bbox 1116 1191 1216 1258; x_wconf 72' lang='lat'>1821.</span> <span class='ocrx_word' id='word_1_63' title='bbox 1261 1194 1304 1256; x_wconf 92' lang='lat' dir='ltr'><strong>ln</strong></span> 
     </span>
     <span class='ocr_line' id='line_1_10' title="bbox 198 1291 1302 1374; baseline 0.003 -17"><span class='ocrx_word' id='word_1_64' title='bbox 198 1292 261 1357; x_wconf 85' lang='lat' dir='ltr'><strong>hac</strong></span> <span class='ocrx_word' id='word_1_65' title='bbox 276 1294 428 1358; x_wconf 86' lang='lat' dir='ltr'><strong>versione</strong></span> <span class='ocrx_word' id='word_1_66' title='bbox 441 1294 590 1357; x_wconf 88' lang='lat' dir='ltr'><strong>carmina</strong></span> <span class='ocrx_word' id='word_1_67' title='bbox 602 1291 757 1374; x_wconf 78' lang='lat' dir='ltr'><strong>qnaedam</strong></span> <span class='ocrx_word' id='word_1_68' title='bbox 771 1291 977 1368; x_wconf 87' lang='lat' dir='ltr'><strong>omittuntur,</strong></span> <span class='ocrx_word' id='word_1_69' title='bbox 993 1292 1053 1354; x_wconf 88' lang='lat' dir='ltr'><strong>sed</strong></span> <span class='ocrx_word' id='word_1_70' title='bbox 1074 1311 1144 1355; x_wconf 90' lang='lat' dir='ltr'><strong>non</strong></span> <span class='ocrx_word' id='word_1_71' title='bbox 1158 1300 1302 1359; x_wconf 85' lang='lat' dir='ltr'><strong>temere:</strong></span> 
     </span>
     <span class='ocr_line' id='line_1_11' title="bbox 200 1390 1303 1475; baseline 0.004 -19"><span class='ocrx_word' id='word_1_72' title='bbox 200 1393 444 1457; x_wconf 82' lang='lat' dir='ltr'><strong>obscoenitates</strong></span> <span class='ocrx_word' id='word_1_73' title='bbox 460 1394 544 1456; x_wconf 90' lang='lat' dir='ltr'><strong>enim</strong></span> <span class='ocrx_word' id='word_1_74' title='bbox 558 1411 624 1456; x_wconf 93' lang='lat' dir='ltr'><strong>non</strong></span> <span class='ocrx_word' id='word_1_75' title='bbox 639 1391 870 1456; x_wconf 88' lang='lat' dir='ltr'><strong>desiderantur.</strong></span> <span class='ocrx_word' id='word_1_76' title='bbox 899 1390 1002 1468; x_wconf 85' lang='lat' dir='ltr'><strong>Quod</strong></span> <span class='ocrx_word' id='word_1_77' title='bbox 1014 1392 1057 1455; x_wconf 92' lang='lat' dir='ltr'><strong>ad</strong></span> <span class='ocrx_word' id='word_1_78' title='bbox 1072 1393 1151 1471; x_wconf 89' lang='lat' dir='ltr'><strong>alia,</strong></span> <span class='ocrx_word' id='word_1_79' title='bbox 1174 1397 1303 1475; x_wconf 68' lang='lat' dir='ltr'><strong>‘Plus&#39;</strong></span> 
     </span>
     <span class='ocr_line' id='line_1_12' title="bbox 199 1491 1303 1579; baseline 0.005 -22"><span class='ocrx_word' id='word_1_80' title='bbox 199 1495 245 1557; x_wconf 89' lang='lat' dir='ltr'><strong>eit</strong></span> <span class='ocrx_word' id='word_1_81' title='bbox 259 1494 360 1571; x_wconf 86' lang='lat' dir='ltr'><strong>Noel,</strong></span> <span class='ocrx_word' id='word_1_82' title='bbox 383 1493 533 1558; x_wconf 84' lang='lat' dir='ltr'><strong>‘Catulle</strong></span> <span class='ocrx_word' id='word_1_83' title='bbox 554 1501 611 1557; x_wconf 89' lang='lat' dir='ltr'><strong>est</strong></span> <span class='ocrx_word' id='word_1_84' title='bbox 634 1494 830 1569; x_wconf 83' lang='lat' dir='ltr'><strong>inimitable,</strong></span> <span class='ocrx_word' id='word_1_85' title='bbox 852 1492 931 1574; x_wconf 87' lang='lat' dir='ltr'><strong>plns</strong></span> <span class='ocrx_word' id='word_1_86' title='bbox 944 1512 992 1556; x_wconf 91' lang='lat' dir='ltr'><strong>on</strong></span> <span class='ocrx_word' id='word_1_87' title='bbox 1007 1512 1029 1556; x_wconf 86' lang='lat' dir='ltr'><strong>a</strong></span> <span class='ocrx_word' id='word_1_88' title='bbox 1050 1491 1096 1556; x_wconf 78' lang='lat' dir='ltr'><strong>dit</strong></span> <span class='ocrx_word' id='word_1_89' title='bbox 1120 1497 1303 1579; x_wconf 90' lang='lat' dir='ltr'><strong>multiplier</strong></span> 
     </span>
     <span class='ocr_line' id='line_1_13' title="bbox 197 1592 1303 1677; baseline 0.005 -20"><span class='ocrx_word' id='word_1_90' title='bbox 197 1593 249 1664; x_wconf 80' lang='lat' dir='ltr'><strong>les</strong></span> <span class='ocrx_word' id='word_1_91' title='bbox 263 1594 376 1659; x_wconf 83' lang='lat' dir='ltr'><strong>efforts</strong></span> <span class='ocrx_word' id='word_1_92' title='bbox 388 1613 472 1677; x_wconf 90' lang='lat' dir='ltr'><strong>pour</strong></span> <span class='ocrx_word' id='word_1_93' title='bbox 484 1592 635 1658; x_wconf 70' lang='lat' dir='ltr'><strong>l’tmitsr!</strong></span> <span class='ocrx_word' id='word_1_94' title='bbox 679 1593 767 1658; x_wconf 81' lang='lat' dir='ltr'><strong>Haec</strong></span> <span class='ocrx_word' id='word_1_95' title='bbox 793 1593 956 1657; x_wconf 87' lang='lat' dir='ltr'><strong>sententia</strong></span> <span class='ocrx_word' id='word_1_96' title='bbox 967 1596 1128 1676; x_wconf 67' lang='lat' dir='ltr'><strong>presenti</strong></span> <span class='ocrx_word' id='word_1_97' title='bbox 1140 1598 1303 1663; x_wconf 87' lang='lat' dir='ltr'><strong>volumini</strong></span> 
     </span>
     <span class='ocr_line' id='line_1_14' title="bbox 198 1694 1301 1779; baseline 0.005 -22"><span class='ocrx_word' id='word_1_98' title='bbox 198 1695 395 1778; x_wconf 82' lang='lat' dir='ltr'><strong>praefigitur:</strong></span> <span class='ocrx_word' id='word_1_99' title='bbox 418 1696 460 1760; x_wconf 89' lang='lat' dir='ltr'><strong>do</strong></span> <span class='ocrx_word' id='word_1_100' title='bbox 475 1717 542 1779; x_wconf 90' lang='lat' dir='ltr'><strong>qno</strong></span> <span class='ocrx_word' id='word_1_101' title='bbox 557 1697 655 1778; x_wconf 81' lang='lat' dir='ltr'><strong>igitur</strong></span> <span class='ocrx_word' id='word_1_102' title='bbox 676 1694 760 1758; x_wconf 86' lang='lat' dir='ltr'><strong>satis</strong></span> <span class='ocrx_word' id='word_1_103' title='bbox 773 1695 838 1757; x_wconf 89' lang='lat' dir='ltr'><strong>erit</strong></span> <span class='ocrx_word' id='word_1_104' title='bbox 861 1694 987 1770; x_wconf 81' lang='lat' dir='ltr'><strong>dicere,</strong></span> <span class='ocrx_word' id='word_1_105' title='bbox 1009 1695 1168 1778; x_wconf 80' lang='lat' dir='ltr'><strong>quasdam</strong></span> <span class='ocrx_word' id='word_1_106' title='bbox 1192 1699 1301 1763; x_wconf 89' lang='lat' dir='ltr'><strong>nitide</strong></span> 
     </span>
     <span class='ocr_line' id='line_1_15' title="bbox 198 1795 1303 1877; baseline 0.008 -21"><span class='ocrx_word' id='word_1_107' title='bbox 198 1801 231 1857; x_wconf 91' lang='lat' dir='ltr'><strong>et</strong></span> <span class='ocrx_word' id='word_1_108' title='bbox 244 1795 405 1876; x_wconf 84' lang='lat' dir='ltr'><strong>eleganter</strong></span> <span class='ocrx_word' id='word_1_109' title='bbox 419 1815 518 1859; x_wconf 82' lang='lat' dir='ltr'><strong>versa</strong></span> <span class='ocrx_word' id='word_1_110' title='bbox 531 1815 616 1872; x_wconf 91' lang='lat' dir='ltr'><strong>esse,</strong></span> <span class='ocrx_word' id='word_1_111' title='bbox 630 1813 674 1858; x_wconf 88' lang='lat' dir='ltr'><strong>ea</strong></span> <span class='ocrx_word' id='word_1_112' title='bbox 694 1796 876 1877; x_wconf 81' lang='lat' dir='ltr'><strong>praesertim</strong></span> <span class='ocrx_word' id='word_1_113' title='bbox 896 1815 972 1877; x_wconf 87' lang='lat' dir='ltr'><strong>quae</strong></span> <span class='ocrx_word' id='word_1_114' title='bbox 994 1796 1029 1858; x_wconf 91' lang='lat' dir='ltr'><strong>in</strong></span> <span class='ocrx_word' id='word_1_115' title='bbox 1051 1815 1149 1861; x_wconf 87' lang='lat' dir='ltr'><strong>versu</strong></span> <span class='ocrx_word' id='word_1_116' title='bbox 1169 1799 1303 1865; x_wconf 84' lang='lat' dir='ltr'><strong>heroico</strong></span> 
     </span>
     <span class='ocr_line' id='line_1_16' title="bbox 198 1894 1303 1991; baseline 0.007 -33"><span class='ocrx_word' id='word_1_117' title='bbox 198 1895 315 1960; x_wconf 88' lang='lat' dir='ltr'><strong>fluunt.</strong></span> <span class='ocrx_word' id='word_1_118' title='bbox 360 1894 534 1960; x_wconf 89' lang='lat' dir='ltr'><strong>Accedunt</strong></span> <span class='ocrx_word' id='word_1_119' title='bbox 548 1896 702 1978; x_wconf 82' lang='lat' dir='ltr'><strong>praefatio</strong></span> <span class='ocrx_word' id='word_1_120' title='bbox 714 1900 850 1991; x_wconf 58' lang='lat' dir='ltr'><strong>otnotae</strong></span> <span class='ocrx_word' id='word_1_121' title='bbox 859 1895 997 1961; x_wconf 79' lang='lat' dir='ltr'><strong>Catullo</strong></span> <span class='ocrx_word' id='word_1_122' title='bbox 1011 1899 1096 1961; x_wconf 91' lang='lat' dir='ltr'><strong>bene</strong></span> <span class='ocrx_word' id='word_1_123' title='bbox 1110 1916 1303 1966; x_wconf 86' lang='lat' dir='ltr'><strong>accommo-</strong></span> 
     </span>
     <span class='ocr_line' id='line_1_17' title="bbox 198 1994 763 2063; baseline 0.012 -4"><span class='ocrx_word' id='word_1_124' title='bbox 198 1994 301 2063; x_wconf 84' lang='lat' dir='ltr'><strong>datae.</strong></span> <span class='ocrx_word' id='word_1_125' title='bbox 740 2006 763 2053; x_wconf 77' lang='lat'><strong>·‘-·</strong></span> 
     </span>
    </p>

    <p class='ocr_par' dir='ltr' id='par_1_4' title="bbox 193 2096 1357 3273">
     <span class='ocr_line' id='line_1_18' title="bbox 240 2096 1299 2188; baseline 0.009 -28"><span class='ocrx_word' id='word_1_126' title='bbox 240 2096 451 2179; x_wconf 84' lang='lat' dir='ltr'><strong>Singulorum</strong></span> <span class='ocrx_word' id='word_1_127' title='bbox 466 2097 592 2162; x_wconf 82' lang='lat' dir='ltr'><strong>Camlli</strong></span> <span class='ocrx_word' id='word_1_128' title='bbox 607 2098 798 2180; x_wconf 80' lang='lat' dir='ltr'><strong>poematum</strong></span> <span class='ocrx_word' id='word_1_129' title='bbox 812 2101 987 2163; x_wconf 80' lang='lat' dir='ltr'><strong>versiones</strong></span> <span class='ocrx_word' id='word_1_130' title='bbox 1003 2101 1187 2168; x_wconf 83' lang='lat' dir='ltr'><strong>innumerae</strong></span> <span class='ocrx_word' id='word_1_131' title='bbox 1197 2124 1299 2188; x_wconf 82' lang='lat' dir='ltr'><strong>paene</strong></span> 
     </span>
     <span class='ocr_line' id='line_1_19' title="bbox 198 2186 1299 2288; baseline 0.01 -29"><span class='ocrx_word' id='word_1_132' title='bbox 198 2202 333 2263; x_wconf 82' lang='lat' dir='ltr'><strong>extant:</strong></span> <span class='ocrx_word' id='word_1_133' title='bbox 366 2186 451 2263; x_wconf 83' lang='lat' dir='ltr'><strong>inter</strong></span> <span class='ocrx_word' id='word_1_134' title='bbox 476 2219 551 2281; x_wconf 89' lang='lat' dir='ltr'><strong>quse</strong></span> <span class='ocrx_word' id='word_1_135' title='bbox 573 2205 723 2264; x_wconf 90' lang='lat' dir='ltr'><strong>notentur</strong></span> <span class='ocrx_word' id='word_1_136' title='bbox 743 2202 916 2266; x_wconf 85' lang='lat' dir='ltr'><strong>versiones</strong></span> <span class='ocrx_word' id='word_1_137' title='bbox 941 2203 1107 2267; x_wconf 82' lang='lat' dir='ltr'><strong>variorum</strong></span> <span class='ocrx_word' id='word_1_138' title='bbox 1142 2225 1299 2288; x_wconf 84' lang='lat' dir='ltr'><strong>generum</strong></span> 
     </span>
     <span class='ocr_line' id='line_1_20' title="bbox 197 2296 1298 2384; baseline 0.011 -24"><span class='ocrx_word' id='word_1_139' title='bbox 197 2296 338 2377; x_wconf 79' lang='lat' dir='ltr'><strong>Italicte,</strong></span> <span class='ocrx_word' id='word_1_140' title='bbox 366 2301 402 2364; x_wconf 94' lang='lat' dir='ltr'><strong>in</strong></span> <span class='ocrx_word' id='word_1_141' title='bbox 424 2320 524 2384; x_wconf 88' lang='lat' dir='ltr'><strong>opere</strong></span> <span class='ocrx_word' id='word_1_142' title='bbox 539 2300 594 2364; x_wconf 92' lang='lat' dir='ltr'><strong>cui</strong></span> <span class='ocrx_word' id='word_1_143' title='bbox 617 2301 744 2379; x_wconf 90' lang='lat' dir='ltr'><strong>titulus,</strong></span> <span class='ocrx_word' id='word_1_144' title='bbox 758 2301 911 2365; x_wconf 78' lang='lat' dir='ltr'><strong>Parnaso</strong></span> <span class='ocrx_word' id='word_1_145' title='bbox 934 2301 986 2365; x_wconf 89' lang='lat' dir='ltr'><strong>de&#39;</strong></span> <span class='ocrx_word' id='word_1_146' title='bbox 1006 2304 1208 2370; x_wconf 75' lang='lat' dir='ltr'><strong>Traduttore</strong></span> <span class='ocrx_word' id='word_1_147' title='bbox 1232 2308 1298 2372; x_wconf 88' lang='lat' dir='ltr'><strong>Ita-</strong></span> 
     </span>
     <span class='ocr_line' id='line_1_21' title="bbox 194 2399 1298 2484; baseline 0.01 -21"><span class='ocrx_word' id='word_1_148' title='bbox 194 2399 290 2478; x_wconf 86' lang='lat' dir='ltr'><strong>liani,</strong></span> <span class='ocrx_word' id='word_1_149' title='bbox 319 2407 355 2465; x_wconf 94' lang='lat' dir='ltr'><strong>ut</strong></span> <span class='ocrx_word' id='word_1_150' title='bbox 378 2421 455 2484; x_wconf 78' lang='lat' dir='ltr'><strong>qum</strong></span> <span class='ocrx_word' id='word_1_151' title='bbox 481 2421 635 2483; x_wconf 84' lang='lat' dir='ltr'><strong>magnam</strong></span> <span class='ocrx_word' id='word_1_152' title='bbox 660 2402 795 2467; x_wconf 89' lang='lat' dir='ltr'><strong>laudem</strong></span> <span class='ocrx_word' id='word_1_153' title='bbox 826 2404 1188 2471; x_wconf 68' lang='lat' dir='ltr'><strong>obtinuerunt-Inter</strong></span> <span class='ocrx_word' id='word_1_154' title='bbox 1216 2408 1298 2473; x_wconf 88' lang='lat' dir='ltr'><strong>Gal·</strong></span> 
     </span>
     <span class='ocr_line' id='line_1_22' title="bbox 196 2500 1297 2586; baseline 0.01 -23"><span class='ocrx_word' id='word_1_155' title='bbox 196 2500 280 2564; x_wconf 88' lang='lat' dir='ltr'><strong>licas</strong></span> <span class='ocrx_word' id='word_1_156' title='bbox 310 2503 477 2565; x_wconf 88' lang='lat' dir='ltr'><strong>versiones</strong></span> <span class='ocrx_word' id='word_1_157' title='bbox 500 2502 705 2583; x_wconf 83' lang='lat' dir='ltr'><strong>singulorum</strong></span> <span class='ocrx_word' id='word_1_158' title='bbox 731 2504 924 2585; x_wconf 72' lang='lat' dir='ltr'><strong>poematum</strong></span> <span class='ocrx_word' id='word_1_159' title='bbox 950 2506 1112 2571; x_wconf 81' lang='lat' dir='ltr'><strong>celebrior</strong></span> <span class='ocrx_word' id='word_1_160' title='bbox 1140 2516 1205 2586; x_wconf 90' lang='lat' dir='ltr'><strong>est,</strong></span> <span class='ocrx_word' id='word_1_161' title='bbox 1231 2510 1297 2574; x_wconf 85' lang='lat' dir='ltr'><strong>Les</strong></span> 
     </span>
     <span class='ocr_line' id='line_1_23' title="bbox 197 2599 1298 2688; baseline 0.007 -23"><span class='ocrx_word' id='word_1_162' title='bbox 197 2599 312 2665; x_wconf 88' lang='lat' dir='ltr'><strong>Noces</strong></span> <span class='ocrx_word' id='word_1_163' title='bbox 335 2601 378 2665; x_wconf 90' lang='lat' dir='ltr'><strong>de</strong></span> <span class='ocrx_word' id='word_1_164' title='bbox 407 2602 529 2665; x_wconf 78' lang='lat' dir='ltr'><strong>Thetis</strong></span> <span class='ocrx_word' id='word_1_165' title='bbox 554 2609 588 2666; x_wconf 93' lang='lat' dir='ltr'><strong>et</strong></span> <span class='ocrx_word' id='word_1_166' title='bbox 613 2604 662 2667; x_wconf 85' lang='lat' dir='ltr'><strong>&#39;de</strong></span> <span class='ocrx_word' id='word_1_167' title='bbox 693 2604 798 2667; x_wconf 79' lang='lat' dir='ltr'><strong>Peles</strong></span> <span class='ocrx_word' id='word_1_168' title='bbox 823 2625 866 2668; x_wconf 90' lang='lat' dir='ltr'><strong>en</strong></span> <span class='ocrx_word' id='word_1_169' title='bbox 895 2624 971 2670; x_wconf 90' lang='lat' dir='ltr'><strong>vers</strong></span> <span class='ocrx_word' id='word_1_170' title='bbox 1003 2606 1176 2688; x_wconf 75' lang='lat' dir='ltr'><strong>Franeais.</strong></span> <span class='ocrx_word' id='word_1_171' title='bbox 1231 2611 1298 2674; x_wconf 89' lang='lat' dir='ltr'><strong>Par</strong></span> 
     </span>
     <span class='ocr_line' id='line_1_24' title="bbox 197 2699 1298 2783; baseline 0.011 -21"><span class='ocrx_word' id='word_1_172' title='bbox 197 2699 246 2762; x_wconf 89' lang='grc' dir='ltr'><strong>Μ.</strong></span> <span class='ocrx_word' id='word_1_173' title='bbox 274 2700 311 2763; x_wconf 88' lang='grc' dir='ltr'><strong>Ρ.</strong></span> <span class='ocrx_word' id='word_1_174' title='bbox 332 2700 371 2763; x_wconf 87' lang='lat' dir='ltr'><strong>L.</strong></span> <span class='ocrx_word' id='word_1_175' title='bbox 400 2702 583 2783; x_wconf 79' lang='lat' dir='ltr'><strong>Ginguene.</strong></span> <span class='ocrx_word' id='word_1_176' title='bbox 618 2703 697 2767; x_wconf 86' lang='lat' dir='ltr'><strong>Par.</strong></span> <span class='ocrx_word' id='word_1_177' title='bbox 723 2704 832 2767; x_wconf 78' lang='lat' dir='ltr'><strong>l2mo.</strong></span> <span class='ocrx_word' id='word_1_178' title='bbox 864 2705 1095 2770; x_wconf 73' lang='lat' dir='ltr'><strong>leis--lnter</strong></span> <span class='ocrx_word' id='word_1_179' title='bbox 1123 2708 1298 2774; x_wconf 89' lang='lat' dir='ltr'><strong>Germani·</strong></span> 
     </span>
     <span class='ocr_line' id='line_1_25' title="bbox 196 2802 1323 2890; baseline 0.008 -24"><span class='ocrx_word' id='word_1_180' title='bbox 196 2821 266 2879; x_wconf 84' lang='lat' dir='ltr'><strong>eas,</strong></span> <span class='ocrx_word' id='word_1_181' title='bbox 289 2802 503 2867; x_wconf 89' lang='lat' dir='ltr'><strong>Blumsnlese</strong></span> <span class='ocrx_word' id='word_1_182' title='bbox 524 2823 587 2868; x_wconf 89' lang='lat' dir='ltr'><strong>ans</strong></span> <span class='ocrx_word' id='word_1_183' title='bbox 607 2804 753 2883; x_wconf 84' lang='lat' dir='ltr'><strong>Catulle,</strong></span> <span class='ocrx_word' id='word_1_184' title='bbox 777 2809 839 2871; x_wconf 77' lang='lat' dir='ltr'><strong>irc.</strong></span> <span class='ocrx_word' id='word_1_185' title='bbox 861 2807 938 2871; x_wconf 84' lang='lat' dir='ltr'><strong>8vo.</strong></span> <span class='ocrx_word' id='word_1_186' title='bbox 955 2809 1130 2890; x_wconf 83' lang='lat' dir='ltr'><strong>Bambsrg.</strong></span> <span class='ocrx_word' id='word_1_187' title='bbox 1156 2811 1296 2875; x_wconf 85' lang='grc'><strong>1799.-</strong></span> <span class='ocrx_word' id='word_1_188' title='bbox 1320 2861 1323 2866; x_wconf 57' lang='grc'><strong><em>,</em></strong></span> 
     </span>
     <span class='ocr_line' id='line_1_26' title="bbox 196 2903 1295 2989; baseline 0.003 -18"><span class='ocrx_word' id='word_1_189' title='bbox 196 2906 286 2971; x_wconf 88' lang='lat' dir='ltr'><strong>Inter</strong></span> <span class='ocrx_word' id='word_1_190' title='bbox 300 2903 432 2987; x_wconf 81' lang='lat' dir='ltr'><strong>Anglos</strong></span> <span class='ocrx_word' id='word_1_191' title='bbox 446 2906 647 2988; x_wconf 83' lang='lat' dir='ltr'><strong>singulorum</strong></span> <span class='ocrx_word' id='word_1_192' title='bbox 660 2906 785 2971; x_wconf 85' lang='lat' dir='ltr'><strong>Catulli</strong></span> <span class='ocrx_word' id='word_1_193' title='bbox 797 2907 991 2989; x_wconf 69' lang='lat' dir='ltr'><strong>poematum</strong></span> <span class='ocrx_word' id='word_1_194' title='bbox 1003 2911 1178 2974; x_wconf 85' lang='lat' dir='ltr'><strong>versiones</strong></span> <span class='ocrx_word' id='word_1_195' title='bbox 1193 2914 1295 2976; x_wconf 86' lang='lat' dir='ltr'><strong>abnn-</strong></span> 
     </span>
     <span class='ocr_line' id='line_1_27' title="bbox 196 3006 1294 3094; baseline 0.007 -25"><span class='ocrx_word' id='word_1_196' title='bbox 196 3006 286 3084; x_wconf 90' lang='lat' dir='ltr'><strong>dant,</strong></span> <span class='ocrx_word' id='word_1_197' title='bbox 315 3025 454 3088; x_wconf 88' lang='lat' dir='ltr'><strong>quarum</strong></span> <span class='ocrx_word' id='word_1_198' title='bbox 477 3014 628 3070; x_wconf 86' lang='lat' dir='ltr'><strong>auctores</strong></span> <span class='ocrx_word' id='word_1_199' title='bbox 650 3007 735 3069; x_wconf 91' lang='lat' dir='ltr'><strong>bene</strong></span> <span class='ocrx_word' id='word_1_200' title='bbox 761 3009 833 3071; x_wconf 87' lang='lat' dir='ltr'><strong>noti</strong></span> <span class='ocrx_word' id='word_1_201' title='bbox 858 3016 947 3086; x_wconf 87' lang='lat' dir='ltr'><strong>sunt,</strong></span> <span class='ocrx_word' id='word_1_202' title='bbox 974 3006 1122 3094; x_wconf 83' lang='lat' dir='ltr'><strong>Cowley,</strong></span> <span class='ocrx_word' id='word_1_203' title='bbox 1145 3011 1294 3089; x_wconf 89' lang='lat' dir='ltr'><strong>Parnell,</strong></span> 
     </span>
     <span class='ocr_line' id='line_1_28' title="bbox 196 3105 1357 3189; baseline 0.008 -20"><span class='ocrx_word' id='word_1_204' title='bbox 196 3105 352 3184; x_wconf 80' lang='lat' dir='ltr'><strong>Oldhsnr,</strong></span> <span class='ocrx_word' id='word_1_205' title='bbox 377 3112 410 3172; x_wconf 91' lang='lat' dir='ltr'><strong>et</strong></span> <span class='ocrx_word' id='word_1_206' title='bbox 423 3106 594 3171; x_wconf 85' lang='lat' dir='ltr'><strong>memorias</strong></span> <span class='ocrx_word' id='word_1_207' title='bbox 610 3105 741 3172; x_wconf 79' lang='lat' dir='ltr'><strong>sestivae</strong></span> <span class='ocrx_word' id='word_1_208' title='bbox 754 3106 905 3173; x_wconf 87' lang='lat' dir='ltr'><strong>Thomas</strong></span> <span class='ocrx_word' id='word_1_209' title='bbox 920 3111 1054 3189; x_wconf 82' lang='lat' dir='ltr'><strong>Brown,</strong></span> <span class='ocrx_word' id='word_1_210' title='bbox 1080 3131 1159 3176; x_wconf 89' lang='lat' dir='ltr'><strong>eum</strong></span> <span class='ocrx_word' id='word_1_211' title='bbox 1183 3115 1294 3178; x_wconf 90' lang='lat' dir='ltr'><strong>multis</strong></span> <span class='ocrx_word' id='word_1_212' title='bbox 1354 3127 1357 3132; x_wconf 83' lang='grc'><em>·</em></span> 
     </span>
     <span class='ocr_line' id='line_1_29' title="bbox 193 3207 281 3273; baseline -0.045 0"><span class='ocrx_word' id='word_1_213' title='bbox 193 3207 281 3273; x_wconf 78' lang='lat' dir='ltr'><strong>eliis.</strong></span> 
     </span>
    </p>

    <p class='ocr_par' dir='ltr' id='par_1_5' title="bbox 193 3307 1293 3591">
     <span class='ocr_line' id='line_1_30' title="bbox 238 3307 1293 3394; baseline 0.007 -24"><span class='ocrx_word' id='word_1_214' title='bbox 238 3307 320 3371; x_wconf 91' lang='lat' dir='ltr'><strong>Non</strong></span> <span class='ocrx_word' id='word_1_215' title='bbox 342 3310 442 3372; x_wconf 92' lang='lat' dir='ltr'><strong>nostri</strong></span> <span class='ocrx_word' id='word_1_216' title='bbox 458 3309 519 3371; x_wconf 85' lang='lat' dir='ltr'><strong>fuit</strong></span> <span class='ocrx_word' id='word_1_217' title='bbox 534 3309 684 3391; x_wconf 89' lang='lat' dir='ltr'><strong>inprimis</strong></span> <span class='ocrx_word' id='word_1_218' title='bbox 699 3311 873 3392; x_wconf 75' lang='lat' dir='ltr'><strong>propositi,</strong></span> <span class='ocrx_word' id='word_1_219' title='bbox 892 3317 930 3374; x_wconf 90' lang='lat' dir='ltr'><strong>ut</strong></span> <span class='ocrx_word' id='word_1_220' title='bbox 939 3311 1013 3392; x_wconf 85' lang='lat' dir='ltr'><strong>jam</strong></span> <span class='ocrx_word' id='word_1_221' title='bbox 1027 3330 1121 3394; x_wconf 63' lang='lat' dir='ltr'><strong>slepe</strong></span> <span class='ocrx_word' id='word_1_222' title='bbox 1134 3312 1293 3389; x_wconf 83' lang='lat' dir='ltr'><strong>diximus,</strong></span> 
     </span>
     <span class='ocr_line' id='line_1_31' title="bbox 193 3409 1293 3496; baseline 0.006 -26"><span class='ocrx_word' id='word_1_223' title='bbox 193 3412 308 3471; x_wconf 87' lang='lat' dir='ltr'><strong>notare</strong></span> <span class='ocrx_word' id='word_1_224' title='bbox 323 3409 584 3477; x_wconf 87' lang='lat' dir='ltr'><strong>Dissertationes</strong></span> <span class='ocrx_word' id='word_1_225' title='bbox 599 3411 746 3488; x_wconf 88' lang='lat' dir='ltr'><strong>criticas,</strong></span> <span class='ocrx_word' id='word_1_226' title='bbox 761 3418 796 3475; x_wconf 91' lang='lat' dir='ltr'><strong>et</strong></span> <span class='ocrx_word' id='word_1_227' title='bbox 811 3414 903 3489; x_wconf 81' lang='lat' dir='ltr'><strong>talia,</strong></span> <span class='ocrx_word' id='word_1_228' title='bbox 926 3413 969 3475; x_wconf 87' lang='lat' dir='ltr'><strong>ab</strong></span> <span class='ocrx_word' id='word_1_229' title='bbox 988 3413 1148 3496; x_wconf 89' lang='lat' dir='ltr'><strong>operibus</strong></span> <span class='ocrx_word' id='word_1_230' title='bbox 1170 3413 1293 3481; x_wconf 80' lang='lat' dir='ltr'><strong>Classi-</strong></span> 
     </span>
     <span class='ocr_line' id='line_1_32' title="bbox 194 3502 1293 3591; baseline 0.005 -19"><span class='ocrx_word' id='word_1_231' title='bbox 194 3527 309 3573; x_wconf 89' lang='lat' dir='ltr'><strong>corum</strong></span> <span class='ocrx_word' id='word_1_232' title='bbox 323 3510 504 3591; x_wconf 87' lang='lat' dir='ltr'><strong>separatim</strong></span> <span class='ocrx_word' id='word_1_233' title='bbox 519 3506 617 3574; x_wconf 87' lang='lat' dir='ltr'><strong>edita.</strong></span> <span class='ocrx_word' id='word_1_234' title='bbox 662 3502 710 3575; x_wconf 85' lang='lat' dir='ltr'><strong>Ut</strong></span> <span class='ocrx_word' id='word_1_235' title='bbox 730 3517 843 3590; x_wconf 88' lang='lat' dir='ltr'><strong>antea,</strong></span> <span class='ocrx_word' id='word_1_236' title='bbox 866 3519 987 3589; x_wconf 89' lang='lat' dir='ltr'><strong>tamen,</strong></span> <span class='ocrx_word' id='word_1_237' title='bbox 1001 3513 1036 3575; x_wconf 89' lang='lat' dir='ltr'><strong>in</strong></span> <span class='ocrx_word' id='word_1_238' title='bbox 1050 3514 1194 3586; x_wconf 86' lang='lat' dir='ltr'><strong>transitu</strong></span> <span class='ocrx_word' id='word_1_239' title='bbox 1211 3515 1293 3578; x_wconf 91' lang='lat' dir='ltr'><strong>indi·</strong></span> 
     </span>
    </p>
   </div>
   <div class='ocr_carea' id='block_1_3' title="bbox 192 3608 1294 4203">
    <p class='ocr_par' dir='ltr' id='par_1_6' title="bbox 192 3608 1294 4203">
     <span class='ocr_line' id='line_1_33' title="bbox 193 3608 1292 3700; baseline 0.003 -23"><span class='ocrx_word' id='word_1_240' title='bbox 193 3626 310 3693; x_wconf 74' lang='lat' dir='ltr'><strong>eamus</strong></span> <span class='ocrx_word' id='word_1_241' title='bbox 337 3610 619 3676; x_wconf 88' lang='lat' dir='ltr'><strong>Observationum</strong></span> <span class='ocrx_word' id='word_1_242' title='bbox 633 3614 823 3677; x_wconf 88' lang='lat' dir='ltr'><strong>criticarum</strong></span> <span class='ocrx_word' id='word_1_243' title='bbox 846 3608 881 3689; x_wconf 88' lang='lat' dir='ltr'><strong>in</strong></span> <span class='ocrx_word' id='word_1_244' title='bbox 909 3613 1034 3695; x_wconf 87' lang='lat' dir='ltr'><strong>Catulli</strong></span> <span class='ocrx_word' id='word_1_245' title='bbox 1057 3615 1292 3700; x_wconf 81' lang='lat' dir='ltr'><strong>carminaspe·</strong></span> 
     </span>
     <span class='ocr_line' id='line_1_34' title="bbox 193 3710 1292 3794; baseline 0.004 -18"><span class='ocrx_word' id='word_1_246' title='bbox 193 3710 312 3791; x_wconf 85' lang='lat' dir='ltr'><strong>cimon,</strong></span> <span class='ocrx_word' id='word_1_247' title='bbox 328 3733 349 3777; x_wconf 88' lang='lat' dir='ltr'><strong>a</strong></span> <span class='ocrx_word' id='word_1_248' title='bbox 364 3711 460 3779; x_wconf 88' lang='lat' dir='ltr'><strong>Ferd.</strong></span> <span class='ocrx_word' id='word_1_249' title='bbox 488 3713 639 3778; x_wconf 88' lang='lat' dir='ltr'><strong>Handic.</strong></span> <span class='ocrx_word' id='word_1_250' title='bbox 672 3713 766 3794; x_wconf 87' lang='lat' dir='ltr'><strong>Lips.</strong></span> <span class='ocrx_word' id='word_1_251' title='bbox 791 3711 888 3776; x_wconf 82' lang='grc'><strong>1809.</strong></span> <span class='ocrx_word' id='word_1_252' title='bbox 910 3712 993 3778; x_wconf 85' lang='lat' dir='ltr'><strong>·8vo.</strong></span> <span class='ocrx_word' id='word_1_253' title='bbox 1040 3714 1122 3779; x_wconf 86' lang='lat' dir='ltr'><strong>Hoc</strong></span> <span class='ocrx_word' id='word_1_254' title='bbox 1136 3716 1292 3780; x_wconf 89' lang='lat' dir='ltr'><strong>nimirum</strong></span> 
     </span>
     <span class='ocr_line' id='line_1_35' title="bbox 193 3815 1294 3898; baseline 0.004 -21"><span class='ocrx_word' id='word_1_255' title='bbox 193 3832 279 3896; x_wconf 89' lang='lat' dir='ltr'><strong>opus</strong></span> <span class='ocrx_word' id='word_1_256' title='bbox 293 3815 337 3880; x_wconf 87' lang='lat' dir='ltr'><strong>ad</strong></span> <span class='ocrx_word' id='word_1_257' title='bbox 357 3834 409 3879; x_wconf 83' lang='lat' dir='ltr'><strong>ves</strong></span> <span class='ocrx_word' id='word_1_258' title='bbox 422 3823 555 3879; x_wconf 80' lang='lat' dir='ltr'><strong>nostras</strong></span> <span class='ocrx_word' id='word_1_259' title='bbox 576 3835 618 3879; x_wconf 89' lang='lat' dir='ltr'><strong>en</strong></span> <span class='ocrx_word' id='word_1_260' title='bbox 631 3815 739 3894; x_wconf 82' lang='lat' dir='ltr'><strong>magis</strong></span> <span class='ocrx_word' id='word_1_261' title='bbox 760 3815 914 3897; x_wconf 83' lang='lat' dir='ltr'><strong>pertinet,</strong></span> <span class='ocrx_word' id='word_1_262' title='bbox 936 3817 1027 3898; x_wconf 92' lang='lat' dir='ltr'><strong>quod</strong></span> <span class='ocrx_word' id='word_1_263' title='bbox 1051 3816 1181 3880; x_wconf 88' lang='lat' dir='ltr'><strong>editum</strong></span> <span class='ocrx_word' id='word_1_264' title='bbox 1195 3815 1294 3882; x_wconf 83' lang='lat' dir='ltr'><strong>inita</strong></span> 
     </span>
     <span class='ocr_line' id='line_1_36' title="bbox 193 3909 1292 4000; baseline 0.002 -22"><span class='ocrx_word' id='word_1_265' title='bbox 193 3914 297 3979; x_wconf 92' lang='lat' dir='ltr'><strong>docto</strong></span> <span class='ocrx_word' id='word_1_266' title='bbox 320 3909 392 3981; x_wconf 87' lang='lat' dir='ltr'><strong>viro</strong></span> <span class='ocrx_word' id='word_1_267' title='bbox 415 3933 477 4000; x_wconf 87' lang='lat' dir='ltr'><strong>pro</strong></span> <span class='ocrx_word' id='word_1_268' title='bbox 500 3917 618 3983; x_wconf 85' lang='lat' dir='ltr'><strong>suturae</strong></span> <span class='ocrx_word' id='word_1_269' title='bbox 635 3915 793 3980; x_wconf 86' lang='lat' dir='ltr'><strong>editionis</strong></span> <span class='ocrx_word' id='word_1_270' title='bbox 821 3919 1015 4000; x_wconf 89' lang='lat' dir='ltr'><strong>specimine,</strong></span> <span class='ocrx_word' id='word_1_271' title='bbox 1037 3924 1072 3982; x_wconf 91' lang='lat' dir='ltr'><strong>et</strong></span> <span class='ocrx_word' id='word_1_272' title='bbox 1085 3917 1177 4000; x_wconf 91' lang='lat' dir='ltr'><strong>quod</strong></span> <span class='ocrx_word' id='word_1_273' title='bbox 1199 3919 1235 3982; x_wconf 91' lang='lat' dir='ltr'><strong>in</strong></span> <span class='ocrx_word' id='word_1_274' title='bbox 1250 3937 1292 3983; x_wconf 89' lang='lat' dir='ltr'><strong>eo</strong></span> 
     </span>
     <span class='ocr_line' id='line_1_37' title="bbox 192 4016 1293 4102; baseline 0.002 -23"><span class='ocrx_word' id='word_1_275' title='bbox 192 4016 298 4081; x_wconf 87' lang='lat' dir='ltr'><strong>multa</strong></span> <span class='ocrx_word' id='word_1_276' title='bbox 318 4018 434 4083; x_wconf 88' lang='lat' dir='ltr'><strong>critice</strong></span> <span class='ocrx_word' id='word_1_277' title='bbox 458 4023 492 4082; x_wconf 92' lang='lat' dir='ltr'><strong>et</strong></span> <span class='ocrx_word' id='word_1_278' title='bbox 506 4018 666 4102; x_wconf 84' lang='lat' dir='ltr'><strong>praeclare</strong></span> <span class='ocrx_word' id='word_1_279' title='bbox 688 4030 824 4099; x_wconf 87' lang='lat' dir='ltr'><strong>peracta</strong></span> <span class='ocrx_word' id='word_1_280' title='bbox 849 4025 936 4081; x_wconf 85' lang='lat' dir='ltr'><strong>sunt.</strong></span> <span class='ocrx_word' id='word_1_281' title='bbox 981 4017 1060 4095; x_wconf 86' lang='lat' dir='ltr'><strong>Sed,</strong></span> <span class='ocrx_word' id='word_1_282' title='bbox 1080 4017 1174 4100; x_wconf 90' lang='lat' dir='ltr'><strong>quod</strong></span> <span class='ocrx_word' id='word_1_283' title='bbox 1197 4018 1293 4082; x_wconf 89' lang='lat' dir='ltr'><strong>mire·</strong></span> 
     </span>
     <span class='ocr_line' id='line_1_38' title="bbox 193 4119 1293 4203; baseline 0.002 -23"><span class='ocrx_word' id='word_1_284' title='bbox 193 4136 278 4195; x_wconf 90' lang='lat' dir='ltr'><strong>mur,</strong></span> <span class='ocrx_word' id='word_1_285' title='bbox 303 4121 369 4184; x_wconf 88' lang='lat' dir='ltr'><strong>etsi</strong></span> <span class='ocrx_word' id='word_1_286' title='bbox 390 4120 452 4185; x_wconf 92' lang='lat' dir='ltr'><strong>hoc</strong></span> <span class='ocrx_word' id='word_1_287' title='bbox 467 4120 635 4203; x_wconf 85' lang='lat' dir='ltr'><strong>specimen</strong></span> <span class='ocrx_word' id='word_1_288' title='bbox 660 4119 774 4183; x_wconf 89' lang='lat' dir='ltr'><strong>multis</strong></span> <span class='ocrx_word' id='word_1_289' title='bbox 790 4119 911 4184; x_wconf 85' lang='lat' dir='ltr'><strong>abhinc</strong></span> <span class='ocrx_word' id='word_1_290' title='bbox 927 4121 1021 4183; x_wconf 89' lang='lat' dir='ltr'><strong>annis</strong></span> <span class='ocrx_word' id='word_1_291' title='bbox 1035 4119 1208 4201; x_wconf 83' lang='lat' dir='ltr'><strong>vulgatum</strong></span> <span class='ocrx_word' id='word_1_292' title='bbox 1231 4119 1293 4184; x_wconf 82' lang='lat' dir='ltr'><strong>luit</strong></span> 
     </span>
    </p>
   </div>
   <div class='ocr_carea' id='block_1_4' title="bbox 0 0 1380 4694">
    <p class='ocr_par' dir='ltr' id='par_1_7' title="bbox 0 0 1380 4694">
     <span class='ocr_line' id='line_1_39' title="bbox 0 0 1380 4694; baseline 0 2"><span class='ocrx_word' id='word_1_293' title='bbox 0 0 1380 4694; x_wconf 95' lang='lat' dir='ltr'><strong> </strong></span> 
     </span>
    </p>
   </div>
  </div>
 </body>
</html>
