2752 4694
163 277 228 344 512
415 295 453 342 ιι.
476 293 512 343 ι.
537 293 682 344 unuani
708 293 1012 348 constructurus

163 453 249 491 ιιιιιιιι
264 443 367 489 ‘cautus
395 438 541 506 assumsit,
566 445 693 505 perpetus
729 436 793 500 bus3
810 437 864 488 tsle
873 437 936 488 milri
946 436 1060 490 ilsnllus
1069 437 1130 491 sats.
1178 432 1181 439 ’

163 513 294 567 oblivione
325 515 521 579 sepelientibus.
563 514 692 579 Apposite
760 513 1206 584 dlisolustsrss10smpum,qnen
1224 514 1264 566 is-

165 597 252 642 sutsm
262 591 353 641 Musas
364 590 396 640 ad
415 590 598 642 illustrandum
618 592 693 640 Man·
730 588 857 639 tissimum
868 590 987 655 babebat,
998 591 1059 640 mibi
1070 589 1206 655 psteieoit,
1222 606 1263 642 sc·

163 667 226 717 lium
244 668 367 729 invocet,
391 669 488 733 qnippe
508 683 616 733 quorum
634 681 692 731 pro·
730 677 839 729 cumque
849 679 1010 716 communem
1021 667 1179 716 mavoluit.

164 741 250 806 prium
268 749 318 805 est,
335 742 513 806 praestantium
529 743 641 793 virorum
656 742 694 792 t‘s·
762 743 796 789 77
812 741 918 804 Arguto]
945 742 1032 792 Brevi.
1065 743 1144 792 Hunc
1166 749 1264 805 sutem,

164 831 233 867 assus
244 818 275 867 ub
284 817 378 881 injuris
391 819 556 870 mortalitatis
571 833 694 869 asserere.
730 830 806 880 ouum
817 817 865 867 sibi
879 816 1006 868 uMsulio
1022 817 1110 868 dutum
1126 816 1207 868 fnisse
1223 818 1267 867 dl·

166 893 260 944 Hotut.
277 895 409 958 ‘Dignum
421 894 498 945 luude
515 897 598 945 virum
616 897 695 946 Musa
731 893 779 956 cit,
795 893 914 943 Lesbiam
931 908 989 943 esse
1005 908 1058 945 nou
1075 893 1197 955 arbitror,
1215 893 1265 943 sed

166 971 328 1034 vetutmori:
354 972 450 1021 Tioult.
467 973 567 1024 ‘Quem
579 972 695 1023 referent
731 967 808 1017 sliam
820 968 982 1034 quampiam:
999 969 1078 1035 idque
1089 969 1265 1033 pmipueex

166 1045 258 1107 Musu,
268 1047 348 1108 viret,
360 1046 420 1094 duur
430 1047 525 1097 robora
536 1048 695 1111 tellus,Dnm
731 1044 784 1094 fine
794 1046 870 1109 bnjus
881 1047 971 1107 elegia
983 1046 1087 1109 colligo.

166 1121 256 1170 otium
274 1122 373 1183 stellas,
392 1122 452 1171 dum
470 1124 548 1173 vehet
566 1125 647 1174 amnis
670 1139 696 1174 a·
765 1125 797 1171 74
823 1121 1003 1184 Protesilaum]
1026 1120 1175 1171 Lsodsmiss
1193 1134 1265 1171 cotn-
1296 1170 1301 1177 .

166 1201 247 1261 quss.’
277 1198 386 1248 'I'lreocu
405 1197 455 1248 Aioi
463 1200 534 1248 roim
542 1200 596 1250 Asis
606 1198 697 1264 usipus
734 1204 810 1262 parat
821 1198 933 1262 puellam
944 1197 1024 1259 illam,
1042 1197 1116 1260 cujus
1128 1195 1177 1247 sibi
1189 1211 1266 1246 nsum

166 1272 243 1337 μέλει,
263 1273 313 1324 ulis
336 1277 429 1339 lunate,
449 1276 697 1340 'luurulsiusdsouu
733 1273 1038 1323 concesserstMunlius:
1056 1272 1183 1336 simulque
1190 1285 1267 1322 mors

169 1351 249 1411 ὑμνεῖν
257 1354 349 1414 ἀγαθῶν
359 1353 419 1404 κλέα
426 1356 519 1420 ἀνδρῶν.
733 1363 780 1398 sno
794 1348 939 1411 digreditur
950 1349 983 1398 sd
993 1349 1137 1399 laodamia
1149 1347 1266 1399 fabnlsttt

194 1431 230 1476 ut
248 1429 357 1493 Duplex]
385 1431 492 1495 noim,
511 1437 631 1483 venum
660 1431 698 1480 uic
733 1422 1267 1488 explicundsmreauxorProtesilsifuit,

168 1501 346 1554 noras‘Nec
353 1518 442 1556 cmsus
451 1506 562 1570 duplicis
570 1522 617 1571 per
625 1521 696 1557 mure
735 1515 792 1566 quae
803 1514 861 1550 cum
879 1501 999 1550 murtrum
1018 1515 1092 1551 sunm
1108 1501 1217 1565 primum
1230 1516 1267 1552 ex

169 1577 284 1642 Ulyssu?
734 1576 852 1626 omnibus
864 1576 964 1626 Groeois
981 1577 1007 1626 in
1019 1577 1089 1626 bello
1105 1578 1219 1642 Trojano
1230 1578 1266 1628 sb

200 1654 370 1719 Amutbustiu]
404 1656 510 1706 Venus:
543 1655 581 1705 sic
608 1669 697 1719 supro,
734 1648 851 1702 Hectore
872 1651 1039 1702 interfectum
1061 1666 1119 1702 esse
1140 1653 1267 1717 audisset,

167 1728 289 1794 ‘qunque
312 1729 482 1796 Amathunta,
506 1745 617 1795 qumque
634 1730 697 1780 Gol·
734 1724 1174 1779 uimioiilinsdesiderlouontsbuit.
1190 1729 1269 1793 Sunt,

169 1804 233 1867 gos!
735 1803 778 1868 qui
791 1803 887 1863 dicunt,
899 1804 947 1853 viri
958 1803 1074 1853 sturbium
1085 1805 1109 1853 ei
1121 1818 1150 1854 se
1160 1803 1188 1854 in
1199 1818 1268 1855 som·

174 1894 176 1898 ⁴
201 1883 233 1929 ⁶2
250 1880 386 1944 Cmetit]
403 1881 588 1932 Prostrnverit.
611 1879 698 1931 Anno·
734 1877 774 1926 ni
782 1876 917 1938 obtulisse,
926 1877 1003 1942 inque
1012 1879 1267 1943 illiuscourplexibus

169 1955 264 2005 tentius
286 1965 372 2006 autem
400 1964 440 2007 est
462 1971 522 2005 usus
548 1957 591 2006 hio
613 1956 698 2018 verbi,
735 1953 816 2016 ipsam
838 1958 993 2003 emortuum·
1044 1953 1098 2004 Atti
1122 1953 1268 2005 obtinuisse

168 2031 296 2094 ‘corruo,’
306 2045 358 2081 uon
368 2031 505 2083 admodum
513 2031 650 2097 frequens:
667 2046 699 2081 eo
736 2027 921 2090 Protesilaum,
939 2034 968 2077 nt
997 2043 1030 2079 ex
1054 2028 1154 2093 inieris,
1174 2030 1206 2080 sd
1227 2031 1268 2080 si-

168 2111 255 2156 tumen
274 2106 307 2156 ad
327 2106 437 2156 eundeur
455 2107 558 2157 modum
579 2122 638 2157 usus
660 2113 700 2157 est
735 2104 841 2152 sendum
854 2111 1178 2165 uxorem,revertersturs
1194 2121 1267 2157 cutu-

169 2181 265 2233 allcubi
285 2181 431 2232 Lueretius.
464 2182 603 2232 Lambinus
618 2196 701 2245 meus,
735 2192 786 2243 que
800 2193 855 2228 eam
868 2178 1010 2242 reperisset
1026 2172 1192 2242 adjacentem
1202 2181 1269 2232 ims-

168 2257 303 2321 cujus'ego
315 2258 458 2307 doctrinam
469 2263 497 2307 et
503 2256 630 2321 judicium
642 2258 699 2321 plu·
736 2254 863 2317 guuculae,
879 2268 930 2318 qua
942 2254 991 2303 viri
1002 2256 1097 2305 mortui
1110 2258 1209 2307 vultnnr
1222 2270 1270 2307 ex·

169 2335 227 2384 ulmi
244 2333 324 2396 isoio,
346 2334 414 2384 lruno
436 2349 538 2384 versuru
557 2335 597 2383 itu
616 2333 697 2396 legit:
737 2332 896 2395 primendnru
918 2327 1064 2395 sumserat,
1091 2335 1208 2399 petiisse,
1236 2342 1269 2387 ut

170 2410 252 2472 Scitis,
263 2413 286 2458 st
305 2411 331 2458 is
348 2423 392 2472 quo
405 2424 442 2458 me
459 2409 590 2457 euomuit
599 2422 700 2468 geusae:
736 2420 769 2455 ue
779 2406 827 2456 sibi
839 2407 948 2471 amplius
959 2415 1089 2472 superstes
1100 2424 1157 2461 usse
1168 2411 1250 2462 vellet
1260 2428 1269 2462 s

170 2483 298 2547 sitque'ss
316 2481 411 2531 vidisse
429 2489 544 2531 veterem
560 2482 662 2542 librum,
672 2481 699 2530 in
722 2487 792 2536 ,tum
814 2482 906 2546 ipsum,
928 2490 987 2532 sote
1008 2499 1056 2548 per
1073 2492 1165 2550 pectus
1182 2487 1270 2551 bustu,

169 2565 221 2624 quo
229 2563 309 2620 esset,
316 2557 480 2607 extorruerit:
491 2556 559 2606 unde
571 2557 627 2620 ipse
635 2572 701 2620 eam,
737 2556 784 2606 sibi
796 2554 906 2608 mortens
923 2560 1048 2610 attulisse.
1081 2561 1158 2612 Quod
1179 2570 1269 2613 sutem

170 2640 246 2698 quum
269 2633 334 2692 dixi,
357 2632 532 2692 conjecturum
553 2630 624 2681 fucit.
667 2631 699 2681 In
737 2639 788 2682 tutu
801 2633 872 2683 brevi
890 2642 1018 2699 tempore,
1033 2637 1129 2686 merito
1141 2652 1187 2687 suo
1203 2637 1269 2703 frui,

173 2716 232 2757 uteo
241 2705 357 2769 quidem,
368 2705 412 2768 qui
422 2705 533 2768 scriptus
543 2712 584 2754 est
594 2711 698 2754 centum
734 2708 783 2771 ipsi
793 2709 906 2772 licuerit,
915 2711 1032 2760 Catullus
1043 2712 1157 2762 Deorum
1166 2714 1231 2763 irum
1241 2715 1270 2764 iu

170 2789 199 2833 st
209 2797 240 2832 eo
251 2781 360 2846 amplius
374 2779 467 2829 abhinc
484 2794 572 2843 anuos,
581 2782 699 2831 omnibus
736 2796 829 2831 caussa
839 2782 920 2833 fuisse
931 2784 1005 2848 dicit,
1018 2786 1111 2851 quibus
1128 2795 1189 2838 unte
1199 2803 1269 2853 nup·

130 2863 134 2870 '
169 2859 254 2908 literis
264 2864 355 2920 uperte
365 2855 468 2918 legitur,
476 2857 601 2906 corruerit.
735 2857 786 2907 tias
797 2873 870 2907 sacru
880 2858 930 2909 rite
941 2868 1096 2923 perpetratu
1108 2877 1158 2912 uon
1169 2862 1270 2915 iurent.

202 2937 234 2982 58
253 2932 377 2982 diiunctio
387 2930 467 3001 rupes]
483 2931 569 2981 AEtua.
767 2937 800 2982 90
816 2934 908 2984 saeros
918 2934 989 2998 mnis]
1004 2937 1049 2986 Sic
1061 2937 1166 3000 Cultus,
1182 2938 1269 2989 ‘Cum

178 3012 234 3060 'dl
251 3007 341 3072 Mulio]
367 3009 392 3059 Α
410 3008 532 3074 Maliaco,
550 3015 580 3060 nt
599 3009 700 3074 opinor,
730 3010 785 3073 jam
796 3009 869 3061 fulva
878 3011 942 3060 cinis
956 3010 1055 3060 fuerit.’
1088 3012 1171 3073 Idem,
1186 3000 1272 3064 ‘lior'-¹

169 3085 236 3138 sinu.
737 3086 805 3135 sitsn
816 3086 866 3135 boc
879 3087 957 3136 etiam
969 3087 1083 3150 gaudeat
1094 3088 1150 3153 ipss
1160 3090 1246 3141 sinist

205 3162 377 3227 nummulis]
387 3163 495 3212 Tractus
503 3169 640 3212 montanus
649 3170 700 3224 est,
768 3165 799 3211 st
819 3162 983 3226 Quouempe]
1006 3164 1126 3227 Rursum,
1144 3166 1267 3216 recordo·

171 3235 215 3300 qui
226 3235 336 3284 mediam
354 3236 481 3285 Graeciam
494 3237 597 3300 dividit,
608 3238 699 3288 calidis
736 3237 805 3303 tione
816 3237 939 3289 fruteruae
954 3238 1053 3300 mortis,
1064 3254 1079 3288 u
1090 3255 1119 3290 re
1131 3243 1269 3307 proposita

171 3309 382 3359 balneisnobilis.
736 3313 880 3362 abducitur.

204 3389 236 3434 tlt
255 3385 340 3440 Qualis
357 3386 384 3434 iu
404 3384 479 3447 uitii]
506 3385 648 3450 Lacrymss
668 3402 701 3436 ex
770 3393 817 3438 1⁰2
835 3389 1118 3453 Fooos]1uuiiis,deos.

171 3461 254 3509 oculis
264 3462 316 3509 suis
324 3459 482 3524 profluentes
489 3461 545 3510 rivo
553 3470 701 3525 comparat:
770 3470 817 3514 107
835 3466 910 3515 Tanto
926 3472 950 3516 ts
968 3467 1102 3532 ubsmbeus]
1120 3468 1270 3534 Epipboue·

172 3544 249 3601 quens
266 3536 369 3600 quidem
387 3537 469 3585 risum
481 3536 519 3585 its
529 3537 662 3601 describit,
673 3546 702 3587 ut
738 3555 779 3589 ιιιιι
790 3548 838 3602 est,
849 3556 899 3606 quo
910 3540 1045 3592 confirmat
1056 3543 1091 3604 id,
1102 3543 1172 3608 quod
1189 3553 1271 3596 antea
1372 3547 1373 3552 ’

171 3625 230 3660 curn
242 3610 321 3660 oculis
333 3610 458 3674 subjicere
470 3610 597 3661 videatur.
737 3615 849 3679 dixerut,
873 3617 1023 3681 conjugium
1052 3620 1177 3670 videlicet
1201 3622 1270 3671 illud

151 3744 156 3756 Ι
199 3688 237 3734 os
255 3685 492 3748 Quimmdsprouo]
509 3687 558 3738 Qui
569 3702 626 3736 cum
635 3703 703 3751 prae·
737 3693 883 3741 Laodamiae
895 3693 951 3743 vita
969 3699 1048 3758 utque
1063 3695 1148 3745 uuims
1167 3696 1271 3747 dulcius

172 3773 235 3824 ceps
252 3759 389 3808 devolutus
401 3766 449 3813 ,est
469 3775 516 3823 per
532 3777 637 3824 pronum
650 3765 702 3812 vul·
737 3765 827 3816 fuisse.
862 3768 988 3819 Querens
1005 3776 1093 3819 antem
1104 3772 1270 3824 occasionem

171 3836 233 3884 leur.
278 3836 328 3885 Est
347 3841 434 3885 antem
458 3838 545 3885 tmesis
566 3838 592 3886 in
612 3839 702 3900 verbo,
738 3842 897 3893 admiscendi
908 3845 1107 3909 vstiassubula,
1116 3849 1201 3913 iisque
1211 3864 1273 3901 eru·

172 3909 348 3960 ‘devolutus'
738 3918 843 3967 ditionis
860 3921 933 3982 quusi
953 3923 1107 3985 spargendis
1129 3925 1272 3977 seminibus

204 3988 237 4032 67
254 3987 289 4034 As
307 3985 392 4048 ueluti]
408 3985 492 4038 Quutc
511 3987 633 4036 auxilium
652 3996 702 4053 est,
738 3995 881 4044 exornandi
902 4011 965 4059 opus
986 4013 1069 4060 sunm,
1089 3998 1137 4060 uit,
1154 4014 1271 4052 aurorem

174 4065 266 4134 sentus
289 4062 426 4124 secundus,
451 4062 556 4123 agitatis
575 4063 630 4125 jum
658 4065 703 4113 diu
739 4069 888 4118 Leodamiae
905 4071 1097 4134 profundiorem
1107 4074 1187 4125 fuisse
1199 4061 1274 4141 palu-

121 4142 128 4149 ·
175 4134 266 4197 uestis,
283 4143 311 4184 et
329 4136 362 4184 de
380 4137 462 4186 salute
480 4152 527 4186 sua
545 4136 702 4201 desperanti·
739 4143 772 4192 de
792 4145 912 4208 quadam,
933 4163 990 4212 quse
1011 4160 1067 4200 erut
1085 4151 1112 4199 in
1123 4151 1272 4217 Thessalis,
