<?xml version="1.0" encoding="UTF-8"?>
<!DOCTYPE html PUBLIC "-//W3C//DTD XHTML 1.0 Transitional//EN"
    "http://www.w3.org/TR/xhtml1/DTD/xhtml1-transitional.dtd">
<html xmlns="http://www.w3.org/1999/xhtml" xml:lang="en" lang="en">
 <head>
  <title>
</title>
<meta http-equiv="Content-Type" content="text/html;charset=utf-8" />
  <meta name='ocr-system' content='tesseract 3.04.00' />
  <meta name='ocr-capabilities' content='ocr_page ocr_carea ocr_par ocr_line ocrx_word'/>
</head>
<body>
  <div class='ocr_page' id='page_1' title='image "./cvaleriicatulli02catugoog_0394.png"; bbox 0 0 2752 4694; ppageno 0'>
   <div class='ocr_carea' id='block_1_1' title="bbox 385 312 915 368">
    <p class='ocr_par' dir='ltr' id='par_1_1' title="bbox 385 312 915 368">
     <span class='ocr_line' id='line_1_1' title="bbox 385 312 915 368; baseline -0.004 -2"><span class='ocrx_word' id='word_1_1' title='bbox 385 319 436 368; x_wconf 78' lang='lat' dir='ltr'><strong>An</strong></span> <span class='ocrx_word' id='word_1_2' title='bbox 450 312 627 366; x_wconf 67' lang='lat' dir='ltr'><strong>‘venenis</strong></span> <span class='ocrx_word' id='word_1_3' title='bbox 652 314 915 366; x_wconf 77' lang='lat' dir='ltr'><strong>Pnuvmrbtunt.</strong></span> 
     </span>
    </p>
   </div>
   <div class='ocr_carea' id='block_1_2' title="bbox 103 458 635 982">
    <p class='ocr_par' dir='ltr' id='par_1_2' title="bbox 103 458 635 982">
     <span class='ocr_line' id='line_1_2' title="bbox 104 458 632 512; baseline 0.004 -2"><span class='ocrx_word' id='word_1_4' title='bbox 104 462 158 510; x_wconf 86' lang='lat' dir='ltr'><strong>Cur</strong></span> <span class='ocrx_word' id='word_1_5' title='bbox 170 464 255 509; x_wconf 87' lang='lat' dir='ltr'><strong>tamen</strong></span> <span class='ocrx_word' id='word_1_6' title='bbox 266 458 315 509; x_wconf 85' lang='lat' dir='ltr'><strong>boc&#39;</strong></span> <span class='ocrx_word' id='word_1_7' title='bbox 326 459 432 512; x_wconf 76' lang='lat' dir='ltr'><strong>videor?</strong></span> <span class='ocrx_word' id='word_1_8' title='bbox 448 461 539 512; x_wconf 78' lang='lat' dir='ltr'><strong>Dicite</strong></span> <span class='ocrx_word' id='word_1_9' title='bbox 550 472 632 512; x_wconf 89' lang='lat' dir='ltr'><strong>nnnc:</strong></span> 
     </span>
     <span class='ocr_line' id='line_1_3' title="bbox 105 534 634 603; baseline 0.004 -18"><span class='ocrx_word' id='word_1_10' title='bbox 105 537 181 590; x_wconf 79' lang='lat' dir='ltr'><strong>Quod</strong></span> <span class='ocrx_word' id='word_1_11' title='bbox 207 548 310 600; x_wconf 82' lang='lat' dir='ltr'><strong>semper</strong></span> <span class='ocrx_word' id='word_1_12' title='bbox 334 534 413 602; x_wconf 83' lang='lat' dir='ltr'><strong>arnus,</strong></span> <span class='ocrx_word' id='word_1_13' title='bbox 436 537 506 603; x_wconf 88' lang='lat' dir='ltr'><strong>quod</strong></span> <span class='ocrx_word' id='word_1_14' title='bbox 531 552 634 603; x_wconf 83' lang='lat' dir='ltr'><strong>semper</strong></span> 
     </span>
     <span class='ocr_line' id='line_1_4' title="bbox 103 611 635 681; baseline 0.008 -20"><span class='ocrx_word' id='word_1_15' title='bbox 103 616 210 664; x_wconf 75' lang='lat' dir='ltr'><strong>amasti:</strong></span> <span class='ocrx_word' id='word_1_16' title='bbox 227 612 280 663; x_wconf 89' lang='lat' dir='ltr'><strong>Hic</strong></span> <span class='ocrx_word' id='word_1_17' title='bbox 297 611 386 665; x_wconf 76' lang='lat' dir='ltr'><strong>furor?</strong></span> <span class='ocrx_word' id='word_1_18' title='bbox 409 614 460 681; x_wconf 86' lang='lat' dir='ltr'><strong>hic,</strong></span> <span class='ocrx_word' id='word_1_19' title='bbox 478 616 581 679; x_wconf 85' lang='lat' dir='ltr'><strong>Superi,</strong></span> <span class='ocrx_word' id='word_1_20' title='bbox 599 615 635 665; x_wconf 86' lang='lat' dir='ltr'><strong>sit</strong></span> 
     </span>
     <span class='ocr_line' id='line_1_5' title="bbox 103 689 634 753; baseline 0.004 -16"><span class='ocrx_word' id='word_1_21' title='bbox 103 689 164 738; x_wconf 88' lang='lat' dir='ltr'><strong>mibi</strong></span> <span class='ocrx_word' id='word_1_22' title='bbox 191 691 364 753; x_wconf 66' lang='lat' dir='ltr'><strong>perpetuum!</strong></span> <span class='ocrx_word' id='word_1_23' title='bbox 396 692 448 744; x_wconf 79' lang='lat' dir='ltr'><strong>Qui</strong></span> <span class='ocrx_word' id='word_1_24' title='bbox 473 705 535 741; x_wconf 88' lang='lat' dir='ltr'><strong>vero</strong></span> <span class='ocrx_word' id='word_1_25' title='bbox 562 705 634 740; x_wconf 75' lang='lat' dir='ltr'><strong>nurm-</strong></span> 
     </span>
     <span class='ocr_line' id='line_1_6' title="bbox 104 764 634 831; baseline 0.006 -18"><span class='ocrx_word' id='word_1_26' title='bbox 104 779 180 828; x_wconf 83' lang='lat' dir='ltr'><strong>qnum</strong></span> <span class='ocrx_word' id='word_1_27' title='bbox 200 767 271 828; x_wconf 87' lang='lat' dir='ltr'><strong>prius</strong></span> <span class='ocrx_word' id='word_1_28' title='bbox 289 774 415 831; x_wconf 79' lang='lat' dir='ltr'><strong>unierunt,</strong></span> <span class='ocrx_word' id='word_1_29' title='bbox 435 767 499 818; x_wconf 90' lang='lat' dir='ltr'><strong>illud</strong></span> <span class='ocrx_word' id='word_1_30' title='bbox 522 764 634 817; x_wconf 84' lang='lat' dir='ltr'><strong>Nasonis</strong></span> 
     </span>
     <span class='ocr_line' id='line_1_7' title="bbox 103 840 635 907; baseline 0.009 -20"><span class='ocrx_word' id='word_1_31' title='bbox 103 840 221 902; x_wconf 77' lang='lat' dir='ltr'><strong>audient,</strong></span> <span class='ocrx_word' id='word_1_32' title='bbox 246 840 345 892; x_wconf 85' lang='lat' dir='ltr'><strong>‘Venit</strong></span> <span class='ocrx_word' id='word_1_33' title='bbox 366 856 438 892; x_wconf 85' lang='lat' dir='ltr'><strong>amur</strong></span> <span class='ocrx_word' id='word_1_34' title='bbox 458 844 562 907; x_wconf 80' lang='lat' dir='ltr'><strong>grunius</strong></span> <span class='ocrx_word' id='word_1_35' title='bbox 584 854 635 907; x_wconf 87' lang='lat' dir='ltr'><strong>qno</strong></span> 
     </span>
     <span class='ocr_line' id='line_1_8' title="bbox 104 914 635 982; baseline 0.011 -20"><span class='ocrx_word' id='word_1_36' title='bbox 104 914 185 964; x_wconf 83' lang='lat' dir='ltr'><strong>serius</strong></span> <span class='ocrx_word' id='word_1_37' title='bbox 195 915 210 964; x_wconf 82' lang='lat'><strong>:&#39;</strong></span> <span class='ocrx_word' id='word_1_38' title='bbox 235 924 262 966; x_wconf 90' lang='lat' dir='ltr'><strong>et</strong></span> <span class='ocrx_word' id='word_1_39' title='bbox 274 919 352 980; x_wconf 90' lang='lat' dir='ltr'><strong>Sopb.</strong></span> <span class='ocrx_word' id='word_1_40' title='bbox 363 917 451 982; x_wconf 74' lang='grc' dir='ltr'>Ἔρωτι</span> <span class='ocrx_word' id='word_1_41' title='bbox 460 917 504 980; x_wconf 77' lang='grc' dir='ltr'><strong>μὲν</strong></span> <span class='ocrx_word' id='word_1_42' title='bbox 519 920 560 968; x_wconf 75' lang='grc' dir='ltr'><strong>νῦν</strong></span> <span class='ocrx_word' id='word_1_43' title='bbox 569 916 635 969; x_wconf 70' lang='grc' dir='ltr'><strong><em>ὅστις</em></strong></span> 
     </span>
    </p>
   </div>
   <div class='ocr_carea' id='block_1_3' title="bbox 20 989 635 1060">
    <p class='ocr_par' dir='ltr' id='par_1_3' title="bbox 20 989 635 1060">
     <span class='ocr_line' id='line_1_9' title="bbox 20 989 635 1060; baseline 0.013 -24"><span class='ocrx_word' id='word_1_44' title='bbox 20 1004 23 1010; x_wconf 94' lang='grc'><em>·</em></span> <span class='ocrx_word' id='word_1_45' title='bbox 105 989 271 1040; x_wconf 74' lang='grc' dir='ltr'><strong>ἂπανίσταται</strong></span> <span class='ocrx_word' id='word_1_46' title='bbox 282 991 377 1054; x_wconf 76' lang='lat' dir='ltr'><strong>lidrcrus</strong></span> <span class='ocrx_word' id='word_1_47' title='bbox 387 994 448 1046; x_wconf 78' lang='grc' dir='ltr'><strong>ὅπως</strong></span> <span class='ocrx_word' id='word_1_48' title='bbox 459 995 483 1047; x_wconf 70' lang='grc' dir='ltr'><strong>ἐς</strong></span> <span class='ocrx_word' id='word_1_49' title='bbox 500 997 590 1060; x_wconf 77' lang='grc' dir='ltr'><strong><em>χεῖρας,</em></strong></span> <span class='ocrx_word' id='word_1_50' title='bbox 607 996 635 1044; x_wconf 76' lang='grc' dir='ltr'><strong>οὐ</strong></span> 
     </span>
    </p>
   </div>
   <div class='ocr_carea' id='block_1_4' title="bbox 99 1069 642 3019">
    <p class='ocr_par' dir='ltr' id='par_1_4' title="bbox 99 1069 642 3019">
     <span class='ocr_line' id='line_1_10' title="bbox 105 1069 635 1136; baseline 0.015 -23"><span class='ocrx_word' id='word_1_51' title='bbox 105 1069 184 1116; x_wconf 80' lang='grc' dir='ltr'><strong>καλῶς</strong></span> <span class='ocrx_word' id='word_1_52' title='bbox 193 1069 280 1131; x_wconf 72' lang='grc' dir='ltr'><strong><em>φρονεῖ.</em></strong></span> <span class='ocrx_word' id='word_1_53' title='bbox 314 1070 358 1119; x_wconf 78' lang='lat' dir='ltr'><strong>lta</strong></span> <span class='ocrx_word' id='word_1_54' title='bbox 373 1072 400 1120; x_wconf 83' lang='lat' dir='ltr'><strong>ln</strong></span> <span class='ocrx_word' id='word_1_55' title='bbox 416 1071 492 1122; x_wconf 76' lang='lat' dir='ltr'><strong>Verr.</strong></span> <span class='ocrx_word' id='word_1_56' title='bbox 505 1070 589 1136; x_wconf 80' lang='lat' dir='ltr'><strong>Epist.</strong></span> <span class='ocrx_word' id='word_1_57' title='bbox 601 1071 635 1121; x_wconf 73' lang='lat' dir='ltr'><strong>dd</strong></span> 
     </span>
     <span class='ocr_line' id='line_1_11' title="bbox 104 1139 637 1211; baseline 0.015 -23"><span class='ocrx_word' id='word_1_58' title='bbox 104 1139 214 1211; x_wconf 67' lang='lat' dir='ltr'><strong>lj&#39;nffium</strong></span> <span class='ocrx_word' id='word_1_59' title='bbox 224 1143 343 1206; x_wconf 85' lang='lat' dir='ltr'><strong>suspicor</strong></span> <span class='ocrx_word' id='word_1_60' title='bbox 352 1146 490 1209; x_wconf 77' lang='lat' dir='ltr'><strong>legendum</strong></span> <span class='ocrx_word' id='word_1_61' title='bbox 501 1143 571 1210; x_wconf 86' lang='lat' dir='ltr'><strong>apud</strong></span> <span class='ocrx_word' id='word_1_62' title='bbox 582 1142 637 1196; x_wconf 88' lang='lat' dir='ltr'><strong>No·</strong></span> 
     </span>
     <span class='ocr_line' id='line_1_12' title="bbox 104 1214 636 1280; baseline 0.013 -16"><span class='ocrx_word' id='word_1_63' title='bbox 104 1214 183 1275; x_wconf 84' lang='lat' dir='ltr'><strong>nium,</strong></span> <span class='ocrx_word' id='word_1_64' title='bbox 200 1217 246 1267; x_wconf 82' lang='lat' dir='ltr'><strong>‘Sl</strong></span> <span class='ocrx_word' id='word_1_65' title='bbox 263 1218 339 1269; x_wconf 88' lang='lat' dir='ltr'><strong>bodie</strong></span> <span class='ocrx_word' id='word_1_66' title='bbox 360 1235 460 1270; x_wconf 79' lang='lat' dir='ltr'><strong>naeunm</strong></span> <span class='ocrx_word' id='word_1_67' title='bbox 479 1221 559 1280; x_wconf 84' lang='lat' dir='ltr'><strong>renis,</strong></span> <span class='ocrx_word' id='word_1_68' title='bbox 577 1237 636 1271; x_wconf 85' lang='lat' dir='ltr'><strong>crus</strong></span> 
     </span>
     <span class='ocr_line' id='line_1_13' title="bbox 104 1291 635 1360; baseline 0.011 -20"><span class='ocrx_word' id='word_1_69' title='bbox 104 1291 209 1357; x_wconf 85' lang='lat' dir='ltr'><strong>quidem</strong></span> <span class='ocrx_word' id='word_1_70' title='bbox 225 1293 293 1343; x_wconf 86' lang='lat' dir='ltr'><strong>adsis</strong></span> <span class='ocrx_word' id='word_1_71' title='bbox 305 1295 413 1344; x_wconf 86' lang='lat' dir='ltr'><strong>Veneris</strong></span> <span class='ocrx_word' id='word_1_72' title='bbox 424 1294 576 1360; x_wconf 78' lang='lat' dir='ltr'><strong>Pervigillo,</strong></span> <span class='ocrx_word' id='word_1_73' title='bbox 590 1297 635 1346; x_wconf 87' lang='lat' dir='ltr'><strong>bo·</strong></span> 
     </span>
     <span class='ocr_line' id='line_1_14' title="bbox 105 1367 634 1436; baseline 0.009 -19"><span class='ocrx_word' id='word_1_74' title='bbox 105 1370 149 1418; x_wconf 87' lang='lat' dir='ltr'><strong>dle</strong></span> <span class='ocrx_word' id='word_1_75' title='bbox 166 1370 259 1418; x_wconf 79' lang='lat' dir='ltr'><strong>natalis</strong></span> <span class='ocrx_word' id='word_1_76' title='bbox 272 1367 356 1420; x_wconf 77' lang='lat' dir='ltr'><strong>Fortis</strong></span> <span class='ocrx_word' id='word_1_77' title='bbox 366 1372 506 1435; x_wconf 81' lang='lat' dir='ltr'><strong>Fortunae,’</strong></span> <span class='ocrx_word' id='word_1_78' title='bbox 526 1380 554 1421; x_wconf 92' lang='lat' dir='ltr'><strong>nt</strong></span> <span class='ocrx_word' id='word_1_79' title='bbox 566 1373 634 1436; x_wconf 81' lang='lat' dir='ltr'><strong>apud</strong></span> 
     </span>
     <span class='ocr_line' id='line_1_15' title="bbox 105 1443 636 1498; baseline 0.006 -4"><span class='ocrx_word' id='word_1_80' title='bbox 105 1444 204 1494; x_wconf 82' lang='lat' dir='ltr'><strong>Amob.</strong></span> <span class='ocrx_word' id='word_1_81' title='bbox 215 1445 260 1495; x_wconf 82' lang='lat' dir='ltr'><strong>lib.</strong></span> <span class='ocrx_word' id='word_1_82' title='bbox 272 1460 299 1495; x_wconf 91' lang='lat' dir='ltr'><strong>v.</strong></span> <span class='ocrx_word' id='word_1_83' title='bbox 314 1448 322 1475; x_wconf 88' lang='lat'>‘</span> <span class='ocrx_word' id='word_1_84' title='bbox 333 1443 442 1497; x_wconf 85' lang='lat' dir='ltr'><strong>Lavatln</strong></span> <span class='ocrx_word' id='word_1_85' title='bbox 452 1446 537 1498; x_wconf 90' lang='lat' dir='ltr'><strong>Deum</strong></span> <span class='ocrx_word' id='word_1_86' title='bbox 547 1448 636 1498; x_wconf 81' lang='lat' dir='ltr'><strong>matris</strong></span> 
     </span>
     <span class='ocr_line' id='line_1_16' title="bbox 106 1516 636 1586; baseline 0.011 -18"><span class='ocrx_word' id='word_1_87' title='bbox 106 1526 146 1570; x_wconf 83' lang='lat' dir='ltr'><strong>est</strong></span> <span class='ocrx_word' id='word_1_88' title='bbox 156 1516 242 1584; x_wconf 88' lang='lat' dir='ltr'><strong>hodie,</strong></span> <span class='ocrx_word' id='word_1_89' title='bbox 251 1519 324 1571; x_wconf 80' lang='lat' dir='ltr'><strong>doris</strong></span> <span class='ocrx_word' id='word_1_90' title='bbox 336 1523 440 1586; x_wconf 91' lang='lat' dir='ltr'><strong>epulum</strong></span> <span class='ocrx_word' id='word_1_91' title='bbox 451 1538 509 1573; x_wconf 86' lang='lat' dir='ltr'><strong>cras</strong></span> <span class='ocrx_word' id='word_1_92' title='bbox 519 1524 575 1573; x_wconf 70' lang='lat' dir='ltr'><strong>est!</strong></span> <span class='ocrx_word' id='word_1_93' title='bbox 602 1523 636 1575; x_wconf 81' lang='lat' dir='ltr'><strong>Et</strong></span> 
     </span>
     <span class='ocr_line' id='line_1_17' title="bbox 106 1596 530 1657; baseline 0.012 -12"><span class='ocrx_word' id='word_1_94' title='bbox 106 1596 206 1657; x_wconf 83' lang='lat' dir='ltr'><strong>statim,</strong></span> <span class='ocrx_word' id='word_1_95' title='bbox 221 1597 229 1624; x_wconf 83' lang='lat'><em>⁴</em></span> <span class='ocrx_word' id='word_1_96' title='bbox 241 1598 355 1647; x_wconf 77' lang='lat' dir='ltr'><strong>Telluris</strong></span> <span class='ocrx_word' id='word_1_97' title='bbox 366 1598 460 1648; x_wconf 86' lang='lat' dir='ltr'><strong>natalis</strong></span> <span class='ocrx_word' id='word_1_98' title='bbox 471 1599 530 1652; x_wconf 70' lang='lat' dir='ltr'><strong>est!</strong></span> 
     </span>
     <span class='ocr_line' id='line_1_18' title="bbox 131 1673 636 1737; baseline 0.006 -14"><span class='ocrx_word' id='word_1_99' title='bbox 131 1673 269 1735; x_wconf 83' lang='lat' dir='ltr'><strong>Quumque</strong></span> <span class='ocrx_word' id='word_1_100' title='bbox 278 1687 356 1736; x_wconf 84' lang='lat' dir='ltr'><strong>supra</strong></span> <span class='ocrx_word' id='word_1_101' title='bbox 365 1688 390 1737; x_wconf 88' lang='lat' dir='ltr'><strong>p.</strong></span> <span class='ocrx_word' id='word_1_102' title='bbox 399 1677 457 1724; x_wconf 71' lang='grc'>712.</span> <span class='ocrx_word' id='word_1_103' title='bbox 466 1673 577 1725; x_wconf 85' lang='lat' dir='ltr'><strong>Carmen</strong></span> <span class='ocrx_word' id='word_1_104' title='bbox 588 1674 636 1726; x_wconf 86' lang='lat' dir='ltr'><strong>hoc</strong></span> 
     </span>
     <span class='ocr_line' id='line_1_19' title="bbox 105 1746 637 1812; baseline 0.011 -17"><span class='ocrx_word' id='word_1_105' title='bbox 105 1746 168 1797; x_wconf 83' lang='lat' dir='ltr'><strong>Veri</strong></span> <span class='ocrx_word' id='word_1_106' title='bbox 180 1749 279 1812; x_wconf 85' lang='lat' dir='ltr'><strong>pariter</strong></span> <span class='ocrx_word' id='word_1_107' title='bbox 295 1756 322 1799; x_wconf 83' lang='lat' dir='ltr'><strong>et</strong></span> <span class='ocrx_word' id='word_1_108' title='bbox 337 1751 434 1800; x_wconf 85' lang='lat' dir='ltr'><strong>Veneri</strong></span> <span class='ocrx_word' id='word_1_109' title='bbox 451 1759 580 1802; x_wconf 78' lang='lat' dir='ltr'><strong>secretum</strong></span> <span class='ocrx_word' id='word_1_110' title='bbox 597 1764 637 1801; x_wconf 85' lang='lat' dir='ltr'><strong>cs·</strong></span> 
     </span>
     <span class='ocr_line' id='line_1_20' title="bbox 99 1823 638 1890; baseline 0.007 -18"><span class='ocrx_word' id='word_1_111' title='bbox 99 1823 277 1884; x_wconf 81' lang='lat' dir='ltr'><strong>temlerimus,</strong></span> <span class='ocrx_word' id='word_1_112' title='bbox 287 1833 427 1889; x_wconf 79' lang='lat' dir='ltr'><strong>propterea</strong></span> <span class='ocrx_word' id='word_1_113' title='bbox 444 1826 511 1890; x_wconf 89' lang='lat' dir='ltr'><strong>quod</strong></span> <span class='ocrx_word' id='word_1_114' title='bbox 523 1826 577 1876; x_wconf 90' lang='lat' dir='ltr'><strong>Ver</strong></span> <span class='ocrx_word' id='word_1_115' title='bbox 587 1824 638 1876; x_wconf 85' lang='lat' dir='ltr'><strong>Ve-</strong></span> 
     </span>
     <span class='ocr_line' id='line_1_21' title="bbox 107 1900 637 1964; baseline 0.009 -17"><span class='ocrx_word' id='word_1_116' title='bbox 107 1900 177 1948; x_wconf 84' lang='lat' dir='ltr'><strong>neris</strong></span> <span class='ocrx_word' id='word_1_117' title='bbox 188 1905 256 1948; x_wconf 86' lang='lat' dir='ltr'><strong>esset</strong></span> <span class='ocrx_word' id='word_1_118' title='bbox 270 1908 381 1964; x_wconf 84' lang='lat' dir='ltr'><strong>tempus,</strong></span> <span class='ocrx_word' id='word_1_119' title='bbox 400 1909 427 1951; x_wconf 88' lang='lat' dir='ltr'><strong>et</strong></span> <span class='ocrx_word' id='word_1_120' title='bbox 445 1903 502 1952; x_wconf 80' lang='lat' dir='ltr'><strong>lirec</strong></span> <span class='ocrx_word' id='word_1_121' title='bbox 518 1901 573 1952; x_wconf 79' lang='lat' dir='ltr'><strong>sine</strong></span> <span class='ocrx_word' id='word_1_122' title='bbox 592 1902 637 1952; x_wconf 85' lang='lat' dir='ltr'><strong>illo</strong></span> 
     </span>
     <span class='ocr_line' id='line_1_22' title="bbox 107 1974 637 2039; baseline 0.011 -17"><span class='ocrx_word' id='word_1_123' title='bbox 107 1985 197 2037; x_wconf 88' lang='lat' dir='ltr'><strong>parum</strong></span> <span class='ocrx_word' id='word_1_124' title='bbox 208 1981 253 2023; x_wconf 83' lang='lat' dir='ltr'><strong>eut</strong></span> <span class='ocrx_word' id='word_1_125' title='bbox 262 1974 323 2024; x_wconf 88' lang='lat' dir='ltr'><strong>nibil</strong></span> <span class='ocrx_word' id='word_1_126' title='bbox 332 1981 418 2036; x_wconf 80' lang='lat' dir='ltr'><strong>esset3</strong></span> <span class='ocrx_word' id='word_1_127' title='bbox 434 1988 586 2039; x_wconf 80' lang='lat' dir='ltr'><strong>comparere</strong></span> <span class='ocrx_word' id='word_1_128' title='bbox 596 1978 637 2028; x_wconf 89' lang='lat' dir='ltr'><strong>blc</strong></span> 
     </span>
     <span class='ocr_line' id='line_1_23' title="bbox 106 2050 638 2115; baseline 0.004 -16"><span class='ocrx_word' id='word_1_129' title='bbox 106 2050 234 2100; x_wconf 77' lang='lat' dir='ltr'><strong>tetuinus</strong></span> <span class='ocrx_word' id='word_1_130' title='bbox 262 2050 301 2099; x_wconf 81' lang='lat' dir='ltr'><strong>ci.</strong></span> <span class='ocrx_word' id='word_1_131' title='bbox 322 2050 433 2114; x_wconf 86' lang='lat' dir='ltr'><strong>Barlhli,</strong></span> <span class='ocrx_word' id='word_1_132' title='bbox 464 2050 533 2115; x_wconf 86' lang='lat' dir='ltr'><strong>idem</strong></span> <span class='ocrx_word' id='word_1_133' title='bbox 561 2053 638 2115; x_wconf 85' lang='lat' dir='ltr'><strong>plane</strong></span> 
     </span>
     <span class='ocr_line' id='line_1_24' title="bbox 107 2123 638 2176; baseline 0.002 -2"><span class='ocrx_word' id='word_1_134' title='bbox 107 2124 243 2175; x_wconf 72' lang='lat' dir='ltr'><strong>nobiscum</strong></span> <span class='ocrx_word' id='word_1_135' title='bbox 268 2134 296 2175; x_wconf 90' lang='lat' dir='ltr'><strong>et</strong></span> <span class='ocrx_word' id='word_1_136' title='bbox 323 2123 578 2176; x_wconf 83' lang='lat' dir='ltr'><strong>bonorificentissime</strong></span> <span class='ocrx_word' id='word_1_137' title='bbox 605 2125 638 2176; x_wconf 86' lang='lat' dir='ltr'><strong>de</strong></span> 
     </span>
     <span class='ocr_line' id='line_1_25' title="bbox 108 2201 638 2267; baseline 0 -15"><span class='ocrx_word' id='word_1_138' title='bbox 108 2203 157 2253; x_wconf 88' lang='lat' dir='ltr'><strong>hcc</strong></span> <span class='ocrx_word' id='word_1_139' title='bbox 166 2201 451 2267; x_wconf 72' lang='lat' dir='ltr'><strong>Pervigiliocensentis,</strong></span> <span class='ocrx_word' id='word_1_140' title='bbox 459 2204 638 2267; x_wconf 85' lang='lat' dir='ltr'><strong>imitationem,</strong></span> 
     </span>
     <span class='ocr_line' id='line_1_26' title="bbox 110 2282 639 2345; baseline 0 -15"><span class='ocrx_word' id='word_1_141' title='bbox 110 2296 187 2345; x_wconf 82' lang='lat' dir='ltr'><strong>quem</strong></span> <span class='ocrx_word' id='word_1_142' title='bbox 206 2282 238 2330; x_wconf 88' lang='lat' dir='ltr'><strong>ad</strong></span> <span class='ocrx_word' id='word_1_143' title='bbox 256 2283 284 2330; x_wconf 83' lang='grc' dir='ltr'><strong>Τ.</strong></span> <span class='ocrx_word' id='word_1_144' title='bbox 294 2283 427 2344; x_wconf 78' lang='lat' dir='ltr'><strong>Calpurnii</strong></span> <span class='ocrx_word' id='word_1_145' title='bbox 443 2283 499 2332; x_wconf 90' lang='lat' dir='ltr'><strong>Ecl.</strong></span> <span class='ocrx_word' id='word_1_146' title='bbox 512 2296 539 2331; x_wconf 88' lang='lat' dir='ltr'><strong>v.</strong></span> <span class='ocrx_word' id='word_1_147' title='bbox 551 2295 639 2330; x_wconf 88' lang='lat' dir='ltr'><strong>versus</strong></span> 
     </span>
     <span class='ocr_line' id='line_1_27' title="bbox 110 2348 640 2420; baseline -0.006 -14"><span class='ocrx_word' id='word_1_148' title='bbox 110 2359 170 2406; x_wconf 88' lang='lat' dir='ltr'><strong>illos</strong></span> <span class='ocrx_word' id='word_1_149' title='bbox 182 2358 307 2420; x_wconf 89' lang='lat' dir='ltr'><strong>protulit:</strong></span> <span class='ocrx_word' id='word_1_150' title='bbox 324 2358 413 2406; x_wconf 87' lang='lat' dir='ltr'><strong>‘Tunc</strong></span> <span class='ocrx_word' id='word_1_151' title='bbox 425 2348 505 2406; x_wconf 86' lang='lat' dir='ltr'><strong>etiam</strong></span> <span class='ocrx_word' id='word_1_152' title='bbox 517 2362 572 2406; x_wconf 84' lang='lat' dir='ltr'><strong>tota</strong></span> <span class='ocrx_word' id='word_1_153' title='bbox 584 2370 640 2404; x_wconf 87' lang='lat' dir='ltr'><strong>ver·</strong></span> 
     </span>
     <span class='ocr_line' id='line_1_28' title="bbox 110 2431 640 2495; baseline -0.004 -15"><span class='ocrx_word' id='word_1_154' title='bbox 110 2432 184 2480; x_wconf 89' lang='lat' dir='ltr'><strong>nauti</strong></span> <span class='ocrx_word' id='word_1_155' title='bbox 196 2433 309 2495; x_wconf 81' lang='lat' dir='ltr'><strong>gramine</strong></span> <span class='ocrx_word' id='word_1_156' title='bbox 321 2432 386 2482; x_wconf 84' lang='lat' dir='ltr'><strong>silva</strong></span> <span class='ocrx_word' id='word_1_157' title='bbox 403 2434 485 2481; x_wconf 81' lang='lat' dir='ltr'><strong>Punet</strong></span> <span class='ocrx_word' id='word_1_158' title='bbox 496 2438 524 2481; x_wconf 91' lang='lat' dir='ltr'><strong>et</strong></span> <span class='ocrx_word' id='word_1_159' title='bbox 535 2431 640 2480; x_wconf 65' lang='lat' dir='ltr'><strong>aestivas</strong></span> 
     </span>
     <span class='ocr_line' id='line_1_29' title="bbox 111 2503 640 2571; baseline -0.002 -15"><span class='ocrx_word' id='word_1_160' title='bbox 111 2507 262 2570; x_wconf 81' lang='lat' dir='ltr'><strong>reparabilis</strong></span> <span class='ocrx_word' id='word_1_161' title='bbox 273 2508 379 2557; x_wconf 87' lang='lat' dir='ltr'><strong>inchoat</strong></span> <span class='ocrx_word' id='word_1_162' title='bbox 390 2508 500 2571; x_wconf 84' lang='lat' dir='ltr'><strong>umbras,</strong></span> <span class='ocrx_word' id='word_1_163' title='bbox 508 2506 583 2556; x_wconf 88' lang='lat' dir='ltr'><strong>Tunc</strong></span> <span class='ocrx_word' id='word_1_164' title='bbox 594 2503 640 2555; x_wconf 85' lang='lat' dir='ltr'><strong>llo·</strong></span> 
     </span>
     <span class='ocr_line' id='line_1_30' title="bbox 99 2582 640 2647; baseline -0.006 -16"><span class='ocrx_word' id='word_1_165' title='bbox 99 2590 171 2631; x_wconf 75' lang='lat' dir='ltr'><strong>&#39;uent</strong></span> <span class='ocrx_word' id='word_1_166' title='bbox 189 2582 260 2631; x_wconf 77' lang='lat' dir='ltr'><strong>silure</strong></span> <span class='ocrx_word' id='word_1_167' title='bbox 277 2582 416 2647; x_wconf 87' lang='lat' dir='ltr'><strong>viridisque</strong></span> <span class='ocrx_word' id='word_1_168' title='bbox 433 2582 578 2631; x_wconf 76' lang='lat' dir='ltr'><strong>renascitur</strong></span> <span class='ocrx_word' id='word_1_169' title='bbox 595 2590 640 2629; x_wconf 89' lang='lat' dir='ltr'><strong>an·</strong></span> 
     </span>
     <span class='ocr_line' id='line_1_31' title="bbox 111 2654 642 2720; baseline -0.002 -14"><span class='ocrx_word' id='word_1_170' title='bbox 111 2672 169 2720; x_wconf 89' lang='lat' dir='ltr'><strong>nus,</strong></span> <span class='ocrx_word' id='word_1_171' title='bbox 187 2657 260 2706; x_wconf 78' lang='lat' dir='ltr'><strong>Tunc</strong></span> <span class='ocrx_word' id='word_1_172' title='bbox 276 2658 364 2707; x_wconf 81' lang='lat' dir='ltr'><strong>Venus</strong></span> <span class='ocrx_word' id='word_1_173' title='bbox 382 2665 408 2706; x_wconf 87' lang='lat' dir='ltr'><strong>et</strong></span> <span class='ocrx_word' id='word_1_174' title='bbox 427 2654 504 2707; x_wconf 85' lang='lat' dir='ltr'><strong>calidi</strong></span> <span class='ocrx_word' id='word_1_175' title='bbox 516 2655 642 2706; x_wconf 77' lang='lat' dir='ltr'><strong>scintillet</strong></span> 
     </span>
     <span class='ocr_line' id='line_1_32' title="bbox 112 2731 640 2796; baseline 0 -16"><span class='ocrx_word' id='word_1_176' title='bbox 112 2733 198 2781; x_wconf 84' lang='lat' dir='ltr'><strong>fervor</strong></span> <span class='ocrx_word' id='word_1_177' title='bbox 209 2731 330 2781; x_wconf 65' lang='lat' dir='ltr'><strong>Amoris!</strong></span> <span class='ocrx_word' id='word_1_178' title='bbox 354 2732 640 2796; x_wconf 79' lang='lat' dir='ltr'><strong>Vide,irlquit,clrgan·</strong></span> 
     </span>
     <span class='ocr_line' id='line_1_33' title="bbox 112 2808 640 2871; baseline -0.004 -14"><span class='ocrx_word' id='word_1_179' title='bbox 112 2808 239 2857; x_wconf 86' lang='lat' dir='ltr'><strong>tissimum</strong></span> <span class='ocrx_word' id='word_1_180' title='bbox 257 2809 375 2870; x_wconf 83' lang='lat' dir='ltr'><strong>Carmen,</strong></span> <span class='ocrx_word' id='word_1_181' title='bbox 392 2809 460 2871; x_wconf 83' lang='lat' dir='ltr'><strong>quod</strong></span> <span class='ocrx_word' id='word_1_182' title='bbox 472 2808 640 2871; x_wconf 73' lang='lat' dir='ltr'><strong>peruginum</strong></span> 
     </span>
     <span class='ocr_line' id='line_1_34' title="bbox 112 2881 641 2944; baseline -0.008 -12"><span class='ocrx_word' id='word_1_183' title='bbox 112 2890 269 2932; x_wconf 79' lang='lat' dir='ltr'><strong>autumatur.</strong></span> <span class='ocrx_word' id='word_1_184' title='bbox 302 2884 385 2933; x_wconf 83' lang='lat' dir='ltr'><strong>Quem</strong></span> <span class='ocrx_word' id='word_1_185' title='bbox 395 2889 526 2944; x_wconf 78' lang='lat' dir='ltr'><strong>auctorem</strong></span> <span class='ocrx_word' id='word_1_186' title='bbox 534 2881 641 2929; x_wconf 89' lang='lat' dir='ltr'><strong>delicati</strong></span> 
     </span>
     <span class='ocr_line' id='line_1_35' title="bbox 114 2954 642 3019; baseline -0.011 -12"><span class='ocrx_word' id='word_1_187' title='bbox 114 2954 642 3019; x_wconf 69' lang='lat' dir='ltr'><strong>Polimatiinosalianurlotemuleutes‚ln</strong></span> 
     </span>
    </p>
   </div>
   <div class='ocr_carea' id='block_1_5' title="bbox 111 3030 664 3083">
    <p class='ocr_par' dir='ltr' id='par_1_5' title="bbox 111 3030 664 3083">
     <span class='ocr_line' id='line_1_36' title="bbox 111 3030 664 3083; baseline -0.009 0"><span class='ocrx_word' id='word_1_188' title='bbox 111 3035 157 3083; x_wconf 93' lang='lat' dir='ltr'><strong>lib.</strong></span> <span class='ocrx_word' id='word_1_189' title='bbox 171 3046 199 3080; x_wconf 82' lang='lat' dir='ltr'><strong>x.</strong></span> <span class='ocrx_word' id='word_1_190' title='bbox 218 3030 374 3079; x_wconf 85' lang='lat' dir='ltr'><strong>Arnabilium</strong></span> <span class='ocrx_word' id='word_1_191' title='bbox 393 3031 431 3079; x_wconf 85' lang='lat' dir='ltr'><strong>ita</strong></span> <span class='ocrx_word' id='word_1_192' title='bbox 445 3031 642 3080; x_wconf 78' lang='lat' dir='ltr'><strong>cantillarimur.</strong></span> <span class='ocrx_word' id='word_1_193' title='bbox 662 3040 664 3043; x_wconf 85' lang='grc'><strong><em>·</em></strong></span> 
     </span>
    </p>
   </div>
   <div class='ocr_carea' id='block_1_6' title="bbox 47 3107 644 4230">
    <p class='ocr_par' dir='ltr' id='par_1_6' title="bbox 47 3107 644 4230">
     <span class='ocr_line' id='line_1_37' title="bbox 113 3107 644 3159; baseline -0.009 0"><span class='ocrx_word' id='word_1_194' title='bbox 113 3107 191 3159; x_wconf 87' lang='lat' dir='ltr'><strong>Unde</strong></span> <span class='ocrx_word' id='word_1_195' title='bbox 202 3121 253 3155; x_wconf 89' lang='lat' dir='ltr'><strong>non</strong></span> <span class='ocrx_word' id='word_1_196' title='bbox 261 3107 357 3155; x_wconf 74' lang='lat' dir='ltr'><strong>&#39;saltem</strong></span> <span class='ocrx_word' id='word_1_197' title='bbox 374 3107 547 3156; x_wconf 84' lang='lat' dir='ltr'><strong>Pernoetulor</strong></span> <span class='ocrx_word' id='word_1_198' title='bbox 557 3114 644 3155; x_wconf 85' lang='lat' dir='ltr'><strong>noster</strong></span> 
     </span>
     <span class='ocr_line' id='line_1_38' title="bbox 60 3181 644 3248; baseline -0.007 -14"><span class='ocrx_word' id='word_1_199' title='bbox 60 3198 72 3217; x_wconf 88' lang='lat'><strong>·</strong></span> <span class='ocrx_word' id='word_1_200' title='bbox 113 3185 196 3248; x_wconf 78' lang='lat' dir='ltr'><strong>magis</strong></span> <span class='ocrx_word' id='word_1_201' title='bbox 208 3182 400 3245; x_wconf 78' lang='lat' dir='ltr'><strong>explanabitur,</strong></span> <span class='ocrx_word' id='word_1_202' title='bbox 410 3181 455 3231; x_wconf 93' lang='lat' dir='ltr'><strong>sed</strong></span> <span class='ocrx_word' id='word_1_203' title='bbox 467 3192 494 3230; x_wconf 89' lang='lat' dir='ltr'><strong>et</strong></span> <span class='ocrx_word' id='word_1_204' title='bbox 505 3183 644 3232; x_wconf 88' lang='lat' dir='ltr'><strong>lectionem</strong></span> 
     </span>
     <span class='ocr_line' id='line_1_39' title="bbox 47 3259 644 3323; baseline -0.007 -13"><span class='ocrx_word' id='word_1_205' title='bbox 47 3273 49 3277; x_wconf 57' lang='lat'><strong><em>⁴</em></strong></span> <span class='ocrx_word' id='word_1_206' title='bbox 114 3268 280 3323; x_wconf 81' lang='lat' dir='ltr'><strong>mentemque</strong></span> <span class='ocrx_word' id='word_1_207' title='bbox 292 3259 398 3307; x_wconf 88' lang='lat' dir='ltr'><strong>illustris</strong></span> <span class='ocrx_word' id='word_1_208' title='bbox 409 3259 467 3318; x_wconf 86' lang='lat' dir='ltr'><strong>riri,</strong></span> <span class='ocrx_word' id='word_1_209' title='bbox 485 3273 559 3323; x_wconf 85' lang='lat' dir='ltr'><strong>quam</strong></span> <span class='ocrx_word' id='word_1_210' title='bbox 572 3273 644 3308; x_wconf 87' lang='lat' dir='ltr'><strong>secu·</strong></span> 
     </span>
     <span class='ocr_line' id='line_1_40' title="bbox 116 3335 403 3398; baseline -0.007 -12"><span class='ocrx_word' id='word_1_211' title='bbox 116 3344 157 3386; x_wconf 91' lang='lat' dir='ltr'><strong>tus</strong></span> <span class='ocrx_word' id='word_1_212' title='bbox 169 3337 212 3398; x_wconf 92' lang='lat' dir='ltr'><strong>sit,</strong></span> <span class='ocrx_word' id='word_1_213' title='bbox 221 3335 403 3384; x_wconf 88' lang='lat' dir='ltr'><strong>edocebirnur:</strong></span> 
     </span>
     <span class='ocr_line' id='line_1_41' title="bbox 149 3411 607 3477; baseline -0.015 -15"><span class='ocrx_word' id='word_1_214' title='bbox 149 3415 157 3441; x_wconf 90' lang='lat'>‘</span> <span class='ocrx_word' id='word_1_215' title='bbox 169 3411 308 3476; x_wconf 82' lang='lat' dir='ltr'><strong>Speculum</strong></span> <span class='ocrx_word' id='word_1_216' title='bbox 320 3411 426 3474; x_wconf 72' lang='lat' dir='ltr'><strong>Leporis</strong></span> <span class='ocrx_word' id='word_1_217' title='bbox 438 3411 541 3474; x_wconf 82' lang='lat' dir='ltr'><strong>ulmum,</strong></span> <span class='ocrx_word' id='word_1_218' title='bbox 576 3471 579 3477; x_wconf 19' lang='lat' dir='ltr'><em>r</em></span> <span class='ocrx_word' id='word_1_219' title='bbox 599 3440 607 3455; x_wconf 92' lang='lat'><strong><em>.</em></strong></span> 
     </span>
     <span class='ocr_line' id='line_1_42' title="bbox 148 3487 637 3551; baseline 0.004 -16"><span class='ocrx_word' id='word_1_220' title='bbox 148 3488 213 3548; x_wconf 89' lang='lat' dir='ltr'><strong>Ver,</strong></span> <span class='ocrx_word' id='word_1_221' title='bbox 226 3487 309 3550; x_wconf 80' lang='lat' dir='ltr'><strong>pende</strong></span> <span class='ocrx_word' id='word_1_222' title='bbox 322 3488 423 3536; x_wconf 88' lang='lat' dir='ltr'><strong>humum</strong></span> <span class='ocrx_word' id='word_1_223' title='bbox 436 3489 571 3551; x_wconf 74' lang='lat' dir='ltr'><strong>rigentem.</strong></span> <span class='ocrx_word' id='word_1_224' title='bbox 636 3510 637 3515; x_wconf 44' lang='lat'>¹</span> 
     </span>
     <span class='ocr_line' id='line_1_43' title="bbox 180 3563 526 3629; baseline 0.003 -18"><span class='ocrx_word' id='word_1_225' title='bbox 180 3563 240 3611; x_wconf 84' lang='lat' dir='ltr'><strong>Sine</strong></span> <span class='ocrx_word' id='word_1_226' title='bbox 251 3563 321 3611; x_wconf 84' lang='lat' dir='ltr'><strong>Vere</strong></span> <span class='ocrx_word' id='word_1_227' title='bbox 333 3563 367 3611; x_wconf 93' lang='lat' dir='ltr'><strong>uil</strong></span> <span class='ocrx_word' id='word_1_228' title='bbox 380 3563 467 3612; x_wconf 86' lang='lat' dir='ltr'><strong>Diona</strong></span> <span class='ocrx_word' id='word_1_229' title='bbox 476 3570 526 3629; x_wconf 82' lang='lat' dir='ltr'><strong>est.</strong></span> 
     </span>
     <span class='ocr_line' id='line_1_44' title="bbox 149 3641 430 3703; baseline 0 -15"><span class='ocrx_word' id='word_1_230' title='bbox 149 3641 217 3690; x_wconf 89' lang='lat' dir='ltr'><strong>Vere</strong></span> <span class='ocrx_word' id='word_1_231' title='bbox 228 3642 364 3703; x_wconf 83' lang='lat' dir='ltr'><strong>ingruente</strong></span> <span class='ocrx_word' id='word_1_232' title='bbox 377 3641 430 3689; x_wconf 77' lang='lat' dir='ltr'><strong>uita</strong></span> 
     </span>
     <span class='ocr_line' id='line_1_45' title="bbox 150 3714 524 3779; baseline 0 -15"><span class='ocrx_word' id='word_1_233' title='bbox 150 3716 276 3764; x_wconf 85' lang='lat' dir='ltr'><strong>Redlriva</strong></span> <span class='ocrx_word' id='word_1_234' title='bbox 288 3717 345 3763; x_wconf 91' lang='lat' dir='ltr'><strong>luce</strong></span> <span class='ocrx_word' id='word_1_235' title='bbox 357 3714 463 3779; x_wconf 85' lang='lat' dir='ltr'><strong>Olympi</strong></span> <span class='ocrx_word' id='word_1_236' title='bbox 475 3722 524 3764; x_wconf 86' lang='lat' dir='ltr'><strong>est.</strong></span> 
     </span>
     <span class='ocr_line' id='line_1_46' title="bbox 182 3786 533 3840; baseline -0.003 0"><span class='ocrx_word' id='word_1_237' title='bbox 182 3791 244 3840; x_wconf 87' lang='lat' dir='ltr'><strong>Siue</strong></span> <span class='ocrx_word' id='word_1_238' title='bbox 255 3792 325 3839; x_wconf 86' lang='lat' dir='ltr'><strong>Vere</strong></span> <span class='ocrx_word' id='word_1_239' title='bbox 338 3786 374 3838; x_wconf 88' lang='lat' dir='ltr'><strong>nil</strong></span> <span class='ocrx_word' id='word_1_240' title='bbox 387 3791 474 3839; x_wconf 84' lang='lat' dir='ltr'><strong>Diona</strong></span> <span class='ocrx_word' id='word_1_241' title='bbox 484 3797 533 3840; x_wconf 89' lang='lat' dir='ltr'><strong>est.</strong></span> 
     </span>
     <span class='ocr_line' id='line_1_47' title="bbox 150 3865 450 3930; baseline -0.01 -14"><span class='ocrx_word' id='word_1_242' title='bbox 150 3868 239 3930; x_wconf 82' lang='lat' dir='ltr'><strong>Longo</strong></span> <span class='ocrx_word' id='word_1_243' title='bbox 248 3865 351 3929; x_wconf 88' lang='lat' dir='ltr'><strong>sepulta</strong></span> <span class='ocrx_word' id='word_1_244' title='bbox 361 3881 450 3915; x_wconf 87' lang='lat' dir='ltr'><strong>somno</strong></span> 
     </span>
     <span class='ocr_line' id='line_1_48' title="bbox 150 3940 445 4003; baseline -0.007 -12"><span class='ocrx_word' id='word_1_245' title='bbox 150 3942 252 3991; x_wconf 84' lang='lat' dir='ltr'><strong>Nutnra</strong></span> <span class='ocrx_word' id='word_1_246' title='bbox 258 3942 315 4002; x_wconf 88' lang='lat' dir='ltr'><strong>jam</strong></span> <span class='ocrx_word' id='word_1_247' title='bbox 326 3940 445 4003; x_wconf 80' lang='lat' dir='ltr'><strong>resurgit.</strong></span> 
     </span>
     <span class='ocr_line' id='line_1_49' title="bbox 183 4018 532 4068; baseline 0.003 -1"><span class='ocrx_word' id='word_1_248' title='bbox 183 4018 244 4067; x_wconf 88' lang='lat' dir='ltr'><strong>Sine</strong></span> <span class='ocrx_word' id='word_1_249' title='bbox 255 4020 325 4066; x_wconf 87' lang='lat' dir='ltr'><strong>Vere</strong></span> <span class='ocrx_word' id='word_1_250' title='bbox 337 4020 371 4067; x_wconf 90' lang='lat' dir='ltr'><strong>nil</strong></span> <span class='ocrx_word' id='word_1_251' title='bbox 384 4020 471 4068; x_wconf 88' lang='lat' dir='ltr'><strong>Diona</strong></span> <span class='ocrx_word' id='word_1_252' title='bbox 483 4025 532 4068; x_wconf 82' lang='lat' dir='ltr'><strong>est.</strong></span> 
     </span>
     <span class='ocr_line' id='line_1_50' title="bbox 152 4093 433 4144; baseline -0.004 0"><span class='ocrx_word' id='word_1_253' title='bbox 152 4093 316 4144; x_wconf 80' lang='lat' dir='ltr'><strong>Genitaliiles</strong></span> <span class='ocrx_word' id='word_1_254' title='bbox 328 4095 433 4143; x_wconf 85' lang='lat' dir='ltr'><strong>Favonii</strong></span> 
     </span>
     <span class='ocr_line' id='line_1_51' title="bbox 153 4169 599 4230; baseline -0.002 -12"><span class='ocrx_word' id='word_1_255' title='bbox 153 4172 248 4230; x_wconf 86' lang='lat' dir='ltr'><strong>Rerum</strong></span> <span class='ocrx_word' id='word_1_256' title='bbox 260 4169 376 4219; x_wconf 85' lang='lat' dir='ltr'><strong>excitant</strong></span> <span class='ocrx_word' id='word_1_257' title='bbox 388 4171 494 4220; x_wconf 85' lang='lat' dir='ltr'><strong>calores.</strong></span> <span class='ocrx_word' id='word_1_258' title='bbox 596 4200 599 4205; x_wconf 66' lang='grc'><em>»</em></span> 
     </span>
    </p>
   </div>
   <div class='ocr_carea' id='block_1_7' title="bbox 1135 302 1200 368">
    <p class='ocr_par' dir='ltr' id='par_1_7' title="bbox 1135 302 1200 368">
     <span class='ocr_line' id='line_1_52' title="bbox 1135 302 1200 368; baseline 0 -1"><span class='ocrx_word' id='word_1_259' title='bbox 1135 302 1200 368; x_wconf 76' lang='lat'><strong>8123</strong></span> 
     </span>
    </p>
   </div>
   <div class='ocr_carea' id='block_1_8' title="bbox 702 456 1173 2785">
    <p class='ocr_par' dir='ltr' id='par_1_8' title="bbox 702 456 1104 660">
     <span class='ocr_line' id='line_1_53' title="bbox 734 456 1079 509; baseline 0 -1"><span class='ocrx_word' id='word_1_260' title='bbox 734 459 795 508; x_wconf 87' lang='lat' dir='ltr'><strong>Sine</strong></span> <span class='ocrx_word' id='word_1_261' title='bbox 806 458 880 508; x_wconf 84' lang='lat' dir='ltr'><strong>Vere</strong></span> <span class='ocrx_word' id='word_1_262' title='bbox 886 458 922 507; x_wconf 88' lang='lat' dir='ltr'><strong>ull</strong></span> <span class='ocrx_word' id='word_1_263' title='bbox 933 456 1019 508; x_wconf 80' lang='lat' dir='ltr'><strong>Diona</strong></span> <span class='ocrx_word' id='word_1_264' title='bbox 1029 464 1079 509; x_wconf 83' lang='lat' dir='ltr'><strong>eet.</strong></span> 
     </span>
     <span class='ocr_line' id='line_1_54' title="bbox 702 533 976 598; baseline -0.007 -13"><span class='ocrx_word' id='word_1_265' title='bbox 702 533 836 598; x_wconf 83' lang='lat' dir='ltr'><strong>Aprilibus</strong></span> <span class='ocrx_word' id='word_1_266' title='bbox 847 533 895 583; x_wconf 85' lang='lat' dir='ltr'><strong>snb</strong></span> <span class='ocrx_word' id='word_1_267' title='bbox 907 533 976 583; x_wconf 86' lang='lat' dir='ltr'><strong>auris</strong></span> 
     </span>
     <span class='ocr_line' id='line_1_55' title="bbox 702 609 1104 660; baseline -0.007 0"><span class='ocrx_word' id='word_1_268' title='bbox 702 611 771 660; x_wconf 86' lang='lat' dir='ltr'><strong>Rosa</strong></span> <span class='ocrx_word' id='word_1_269' title='bbox 781 609 890 659; x_wconf 84' lang='lat' dir='ltr'><strong>mundus</strong></span> <span class='ocrx_word' id='word_1_270' title='bbox 902 610 982 659; x_wconf 88' lang='lat' dir='ltr'><strong>omnis</strong></span> <span class='ocrx_word' id='word_1_271' title='bbox 993 624 1045 659; x_wconf 85' lang='lat' dir='ltr'><strong>uns</strong></span> <span class='ocrx_word' id='word_1_272' title='bbox 1055 617 1104 659; x_wconf 82' lang='lat' dir='ltr'><strong>cst.</strong></span> 
     </span>
    </p>

    <p class='ocr_par' dir='ltr' id='par_1_9' title="bbox 704 685 1173 906">
     <span class='ocr_line' id='line_1_56' title="bbox 735 685 1080 735; baseline 0 -1"><span class='ocrx_word' id='word_1_273' title='bbox 735 685 796 734; x_wconf 90' lang='lat' dir='ltr'><strong>Sine</strong></span> <span class='ocrx_word' id='word_1_274' title='bbox 806 685 874 734; x_wconf 85' lang='lat' dir='ltr'><strong>Vere</strong></span> <span class='ocrx_word' id='word_1_275' title='bbox 885 685 921 734; x_wconf 88' lang='lat' dir='ltr'><strong>nil</strong></span> <span class='ocrx_word' id='word_1_276' title='bbox 932 685 1019 735; x_wconf 81' lang='lat' dir='ltr'><strong>Diona</strong></span> <span class='ocrx_word' id='word_1_277' title='bbox 1030 689 1080 734; x_wconf 83' lang='lat' dir='ltr'><strong>est.</strong></span> 
     </span>
     <span class='ocr_line' id='line_1_57' title="bbox 705 757 1007 811; baseline -0.007 -1"><span class='ocrx_word' id='word_1_278' title='bbox 705 762 832 811; x_wconf 77' lang='lat' dir='ltr'><strong>Emortue</strong></span> <span class='ocrx_word' id='word_1_279' title='bbox 843 766 905 810; x_wconf 77' lang='lat' dir='ltr'><strong>unte</strong></span> <span class='ocrx_word' id='word_1_280' title='bbox 916 757 1007 808; x_wconf 86' lang='lat' dir='ltr'><strong>tlornrn</strong></span> 
     </span>
     <span class='ocr_line' id='line_1_58' title="bbox 704 838 1173 906; baseline -0.006 -19"><span class='ocrx_word' id='word_1_281' title='bbox 704 839 781 888; x_wconf 90' lang='lat' dir='ltr'><strong>Nunc</strong></span> <span class='ocrx_word' id='word_1_282' title='bbox 794 838 910 902; x_wconf 74' lang='lat' dir='ltr'><strong>germina</strong></span> <span class='ocrx_word' id='word_1_283' title='bbox 921 838 1105 887; x_wconf 86' lang='lat' dir='ltr'><strong>intumescunt.</strong></span> <span class='ocrx_word' id='word_1_284' title='bbox 1170 899 1173 906; x_wconf 24' lang='lat'>‘</span> 
     </span>
    </p>

    <p class='ocr_par' dir='ltr' id='par_1_10' title="bbox 704 914 1086 1131">
     <span class='ocr_line' id='line_1_59' title="bbox 737 914 1086 963; baseline -0.006 0"><span class='ocrx_word' id='word_1_285' title='bbox 737 914 797 963; x_wconf 89' lang='lat' dir='ltr'><strong>Sine</strong></span> <span class='ocrx_word' id='word_1_286' title='bbox 808 915 878 963; x_wconf 89' lang='lat' dir='ltr'><strong>Vere</strong></span> <span class='ocrx_word' id='word_1_287' title='bbox 891 915 927 962; x_wconf 87' lang='lat' dir='ltr'><strong>nli</strong></span> <span class='ocrx_word' id='word_1_288' title='bbox 939 914 1025 963; x_wconf 86' lang='lat' dir='ltr'><strong>Diona</strong></span> <span class='ocrx_word' id='word_1_289' title='bbox 1036 919 1086 962; x_wconf 86' lang='lat' dir='ltr'><strong>est.</strong></span> 
     </span>
     <span class='ocr_line' id='line_1_60' title="bbox 705 989 1041 1055; baseline -0.006 -14"><span class='ocrx_word' id='word_1_290' title='bbox 705 990 844 1054; x_wconf 87' lang='lat' dir='ltr'><strong>Speculum</strong></span> <span class='ocrx_word' id='word_1_291' title='bbox 857 990 967 1055; x_wconf 87' lang='lat' dir='ltr'><strong>Leporls</strong></span> <span class='ocrx_word' id='word_1_292' title='bbox 979 989 1041 1039; x_wconf 89' lang='lat' dir='ltr'><strong>alml</strong></span> 
     </span>
     <span class='ocr_line' id='line_1_61' title="bbox 704 1066 1057 1131; baseline -0.003 -16"><span class='ocrx_word' id='word_1_293' title='bbox 704 1069 758 1116; x_wconf 91' lang='lat' dir='ltr'><strong>Vcr</strong></span> <span class='ocrx_word' id='word_1_294' title='bbox 768 1068 881 1116; x_wconf 87' lang='lat' dir='ltr'><strong>Lnsuum</strong></span> <span class='ocrx_word' id='word_1_295' title='bbox 892 1066 997 1131; x_wconf 84' lang='lat' dir='ltr'><strong>dioptrn</strong></span> <span class='ocrx_word' id='word_1_296' title='bbox 1009 1071 1057 1115; x_wconf 83' lang='lat' dir='ltr'><strong>est.</strong></span> 
     </span>
    </p>

    <p class='ocr_par' dir='ltr' id='par_1_11' title="bbox 704 1140 1085 1280">
     <span class='ocr_line' id='line_1_62' title="bbox 736 1140 1085 1192; baseline 0.003 -2"><span class='ocrx_word' id='word_1_297' title='bbox 736 1142 797 1191; x_wconf 85' lang='lat' dir='ltr'><strong>Sine</strong></span> <span class='ocrx_word' id='word_1_298' title='bbox 808 1144 878 1191; x_wconf 88' lang='lat' dir='ltr'><strong>Vere</strong></span> <span class='ocrx_word' id='word_1_299' title='bbox 889 1140 925 1191; x_wconf 86' lang='lat' dir='ltr'><strong>nil</strong></span> <span class='ocrx_word' id='word_1_300' title='bbox 936 1141 1024 1192; x_wconf 82' lang='lat' dir='ltr'><strong>Dione</strong></span> <span class='ocrx_word' id='word_1_301' title='bbox 1035 1146 1085 1191; x_wconf 87' lang='lat' dir='ltr'><strong>est.</strong></span> 
     </span>
     <span class='ocr_line' id='line_1_63' title="bbox 704 1220 1010 1280; baseline 0 -13"><span class='ocrx_word' id='word_1_302' title='bbox 704 1221 759 1269; x_wconf 91' lang='lat' dir='ltr'><strong>Ver</strong></span> <span class='ocrx_word' id='word_1_303' title='bbox 769 1220 845 1269; x_wconf 87' lang='lat' dir='ltr'><strong>Ludii</strong></span> <span class='ocrx_word' id='word_1_304' title='bbox 856 1221 950 1268; x_wconf 85' lang='lat' dir='ltr'><strong>chorea</strong></span> <span class='ocrx_word' id='word_1_305' title='bbox 961 1225 1010 1280; x_wconf 89' lang='lat' dir='ltr'><strong>est,</strong></span> 
     </span>
    </p>

    <p class='ocr_par' dir='ltr' id='par_1_12' title="bbox 704 1293 1041 1344">
     <span class='ocr_line' id='line_1_64' title="bbox 704 1293 1041 1344; baseline -0.003 -1"><span class='ocrx_word' id='word_1_306' title='bbox 704 1295 759 1343; x_wconf 87' lang='lat' dir='ltr'><strong>Ver</strong></span> <span class='ocrx_word' id='word_1_307' title='bbox 770 1296 880 1344; x_wconf 85' lang='lat' dir='ltr'><strong>saltrurm</strong></span> <span class='ocrx_word' id='word_1_308' title='bbox 892 1293 981 1344; x_wconf 92' lang='lat' dir='ltr'><strong>lubido</strong></span> <span class='ocrx_word' id='word_1_309' title='bbox 992 1298 1041 1344; x_wconf 84' lang='lat' dir='ltr'><strong>est.</strong></span> 
     </span>
    </p>

    <p class='ocr_par' dir='ltr' id='par_1_13' title="bbox 705 1369 1082 1571">
     <span class='ocr_line' id='line_1_65' title="bbox 736 1369 1082 1420; baseline -0.003 -1"><span class='ocrx_word' id='word_1_310' title='bbox 736 1371 797 1420; x_wconf 86' lang='lat' dir='ltr'><strong>Siue</strong></span> <span class='ocrx_word' id='word_1_311' title='bbox 807 1373 877 1420; x_wconf 85' lang='lat' dir='ltr'><strong>Vere</strong></span> <span class='ocrx_word' id='word_1_312' title='bbox 889 1372 925 1420; x_wconf 90' lang='lat' dir='ltr'><strong>ull</strong></span> <span class='ocrx_word' id='word_1_313' title='bbox 936 1369 1025 1420; x_wconf 80' lang='lat' dir='ltr'><strong>Diona</strong></span> <span class='ocrx_word' id='word_1_314' title='bbox 1035 1376 1082 1419; x_wconf 83' lang='lat' dir='ltr'><strong>est.</strong></span> 
     </span>
     <span class='ocr_line' id='line_1_66' title="bbox 705 1447 1043 1509; baseline 0 -15"><span class='ocrx_word' id='word_1_315' title='bbox 705 1447 759 1496; x_wconf 86' lang='lat' dir='ltr'><strong>Ver</strong></span> <span class='ocrx_word' id='word_1_316' title='bbox 770 1453 847 1509; x_wconf 79' lang='lat' dir='ltr'><strong>prata</strong></span> <span class='ocrx_word' id='word_1_317' title='bbox 858 1461 916 1496; x_wconf 89' lang='lat' dir='ltr'><strong>cum</strong></span> <span class='ocrx_word' id='word_1_318' title='bbox 927 1451 1043 1508; x_wconf 86' lang='lat' dir='ltr'><strong>coronat,</strong></span> 
     </span>
     <span class='ocr_line' id='line_1_67' title="bbox 707 1522 1045 1571; baseline -0.003 0"><span class='ocrx_word' id='word_1_319' title='bbox 707 1522 824 1571; x_wconf 81' lang='lat' dir='ltr'><strong>Charites</strong></span> <span class='ocrx_word' id='word_1_320' title='bbox 835 1522 921 1571; x_wconf 89' lang='lat' dir='ltr'><strong>redire</strong></span> <span class='ocrx_word' id='word_1_321' title='bbox 933 1527 1045 1571; x_wconf 82' lang='lat' dir='ltr'><strong>certent.</strong></span> 
     </span>
    </p>

    <p class='ocr_par' dir='ltr' id='par_1_14' title="bbox 707 1591 1083 1737">
     <span class='ocr_line' id='line_1_68' title="bbox 738 1591 1083 1647; baseline -0.003 -1"><span class='ocrx_word' id='word_1_322' title='bbox 738 1597 800 1647; x_wconf 82' lang='lat' dir='ltr'><strong>Sine</strong></span> <span class='ocrx_word' id='word_1_323' title='bbox 811 1598 882 1647; x_wconf 88' lang='lat' dir='ltr'><strong>Vere</strong></span> <span class='ocrx_word' id='word_1_324' title='bbox 893 1598 930 1647; x_wconf 92' lang='lat' dir='ltr'><strong>nil</strong></span> <span class='ocrx_word' id='word_1_325' title='bbox 941 1591 1024 1646; x_wconf 83' lang='lat' dir='ltr'><strong>Diona</strong></span> <span class='ocrx_word' id='word_1_326' title='bbox 1036 1602 1083 1646; x_wconf 85' lang='lat' dir='ltr'><strong>ert.</strong></span> 
     </span>
     <span class='ocr_line' id='line_1_69' title="bbox 707 1671 970 1737; baseline 0 -15"><span class='ocrx_word' id='word_1_327' title='bbox 707 1671 840 1722; x_wconf 83' lang='lat' dir='ltr'><strong>Amabiies</strong></span> <span class='ocrx_word' id='word_1_328' title='bbox 852 1673 970 1737; x_wconf 77' lang='lat' dir='ltr'><strong>Favonii,</strong></span> 
     </span>
    </p>

    <p class='ocr_par' dir='ltr' id='par_1_15' title="bbox 708 1750 1027 1814">
     <span class='ocr_line' id='line_1_70' title="bbox 708 1750 1027 1814; baseline 0 -16"><span class='ocrx_word' id='word_1_329' title='bbox 708 1750 806 1798; x_wconf 84' lang='lat' dir='ltr'><strong>Roseus</strong></span> <span class='ocrx_word' id='word_1_330' title='bbox 817 1750 901 1814; x_wconf 81' lang='lat' dir='ltr'><strong>rigate</strong></span> <span class='ocrx_word' id='word_1_331' title='bbox 913 1761 1027 1814; x_wconf 70' lang='lat' dir='ltr'><strong>campos.</strong></span> 
     </span>
    </p>

    <p class='ocr_par' dir='ltr' id='par_1_16' title="bbox 707 1820 1159 2041">
     <span class='ocr_line' id='line_1_71' title="bbox 739 1820 1159 1875; baseline 0 -3"><span class='ocrx_word' id='word_1_332' title='bbox 739 1825 801 1874; x_wconf 80' lang='lat' dir='ltr'><strong>Sine</strong></span> <span class='ocrx_word' id='word_1_333' title='bbox 812 1825 882 1875; x_wconf 88' lang='lat' dir='ltr'><strong>Vere</strong></span> <span class='ocrx_word' id='word_1_334' title='bbox 894 1824 930 1874; x_wconf 89' lang='lat' dir='ltr'><strong>uil</strong></span> <span class='ocrx_word' id='word_1_335' title='bbox 941 1825 1027 1874; x_wconf 84' lang='lat' dir='ltr'><strong>Dloun</strong></span> <span class='ocrx_word' id='word_1_336' title='bbox 1038 1829 1088 1873; x_wconf 87' lang='lat' dir='ltr'><strong>est.</strong></span> <span class='ocrx_word' id='word_1_337' title='bbox 1155 1820 1159 1827; x_wconf 91' lang='lat'>&#39;</span> 
     </span>
     <span class='ocr_line' id='line_1_72' title="bbox 709 1904 962 1969; baseline 0 -15"><span class='ocrx_word' id='word_1_338' title='bbox 709 1904 837 1956; x_wconf 83' lang='lat' dir='ltr'><strong>Reducite</strong></span> <span class='ocrx_word' id='word_1_339' title='bbox 848 1904 962 1969; x_wconf 82' lang='lat' dir='ltr'><strong>eleganti</strong></span> 
     </span>
     <span class='ocr_line' id='line_1_73' title="bbox 707 1979 1038 2041; baseline 0 -14"><span class='ocrx_word' id='word_1_340' title='bbox 707 1979 790 2040; x_wconf 88' lang='lat' dir='ltr'><strong>Pede,</strong></span> <span class='ocrx_word' id='word_1_341' title='bbox 801 1981 911 2041; x_wconf 73' lang='lat' dir='ltr'><strong>Gratim,</strong></span> <span class='ocrx_word' id='word_1_342' title='bbox 921 1980 1038 2028; x_wconf 80' lang='lat' dir='ltr'><strong>choreus.</strong></span> 
     </span>
    </p>

    <p class='ocr_par' dir='ltr' id='par_1_17' title="bbox 707 2050 1084 2267">
     <span class='ocr_line' id='line_1_74' title="bbox 739 2050 1084 2099; baseline -0.009 0"><span class='ocrx_word' id='word_1_343' title='bbox 739 2051 800 2099; x_wconf 88' lang='lat' dir='ltr'><strong>Sine</strong></span> <span class='ocrx_word' id='word_1_344' title='bbox 810 2052 879 2099; x_wconf 88' lang='lat' dir='ltr'><strong>Vere</strong></span> <span class='ocrx_word' id='word_1_345' title='bbox 891 2051 926 2099; x_wconf 89' lang='lat' dir='ltr'><strong>nil</strong></span> <span class='ocrx_word' id='word_1_346' title='bbox 939 2050 1024 2098; x_wconf 83' lang='lat' dir='ltr'><strong>Dione</strong></span> <span class='ocrx_word' id='word_1_347' title='bbox 1035 2054 1084 2098; x_wconf 87' lang='lat' dir='ltr'><strong>est.</strong></span> 
     </span>
     <span class='ocr_line' id='line_1_75' title="bbox 707 2127 995 2191; baseline -0.007 -15"><span class='ocrx_word' id='word_1_348' title='bbox 707 2127 860 2177; x_wconf 87' lang='lat' dir='ltr'><strong>Salisubsuli</strong></span> <span class='ocrx_word' id='word_1_349' title='bbox 872 2129 995 2191; x_wconf 85' lang='lat' dir='ltr'><strong>Lepores,</strong></span> 
     </span>
     <span class='ocr_line' id='line_1_76' title="bbox 709 2203 1077 2267; baseline -0.014 -13"><span class='ocrx_word' id='word_1_350' title='bbox 709 2204 847 2267; x_wconf 85' lang='lat' dir='ltr'><strong>Speculum</strong></span> <span class='ocrx_word' id='word_1_351' title='bbox 859 2203 941 2267; x_wconf 88' lang='lat' dir='ltr'><strong>polite</strong></span> <span class='ocrx_word' id='word_1_352' title='bbox 954 2208 1077 2250; x_wconf 85' lang='lat' dir='ltr'><strong>restrum.</strong></span> 
     </span>
    </p>

    <p class='ocr_par' dir='ltr' id='par_1_18' title="bbox 709 2277 1085 2480">
     <span class='ocr_line' id='line_1_77' title="bbox 740 2277 1085 2329; baseline -0.012 -1"><span class='ocrx_word' id='word_1_353' title='bbox 740 2280 802 2329; x_wconf 87' lang='lat' dir='ltr'><strong>sine</strong></span> <span class='ocrx_word' id='word_1_354' title='bbox 810 2281 880 2329; x_wconf 85' lang='lat' dir='ltr'><strong>Vere</strong></span> <span class='ocrx_word' id='word_1_355' title='bbox 891 2278 927 2327; x_wconf 92' lang='lat' dir='ltr'><strong>nil</strong></span> <span class='ocrx_word' id='word_1_356' title='bbox 939 2277 1024 2327; x_wconf 85' lang='lat' dir='ltr'><strong>Diona</strong></span> <span class='ocrx_word' id='word_1_357' title='bbox 1035 2283 1085 2324; x_wconf 90' lang='lat' dir='ltr'><strong>est.</strong></span> 
     </span>
     <span class='ocr_line' id='line_1_78' title="bbox 709 2349 956 2406; baseline -0.024 0"><span class='ocrx_word' id='word_1_358' title='bbox 709 2349 817 2406; x_wconf 84' lang='lat' dir='ltr'><strong>Lnbella</strong></span> <span class='ocrx_word' id='word_1_359' title='bbox 828 2354 956 2403; x_wconf 82' lang='lat' dir='ltr'><strong>sariorum</strong></span> 
     </span>
     <span class='ocr_line' id='line_1_79' title="bbox 709 2427 1001 2480; baseline -0.007 0"><span class='ocrx_word' id='word_1_360' title='bbox 709 2431 807 2480; x_wconf 83' lang='lat' dir='ltr'><strong>Si&#39;tinnt</strong></span> <span class='ocrx_word' id='word_1_361' title='bbox 819 2427 894 2479; x_wconf 91' lang='lat' dir='ltr'><strong>modo</strong></span> <span class='ocrx_word' id='word_1_362' title='bbox 906 2428 1001 2478; x_wconf 87' lang='lat' dir='ltr'><strong>duclla.</strong></span> 
     </span>
    </p>

    <p class='ocr_par' dir='ltr' id='par_1_19' title="bbox 709 2499 1086 2722">
     <span class='ocr_line' id='line_1_80' title="bbox 741 2499 1086 2556; baseline -0.012 -1"><span class='ocrx_word' id='word_1_363' title='bbox 741 2506 801 2556; x_wconf 89' lang='lat' dir='ltr'><strong>Siue</strong></span> <span class='ocrx_word' id='word_1_364' title='bbox 809 2505 879 2554; x_wconf 88' lang='lat' dir='ltr'><strong>Vere</strong></span> <span class='ocrx_word' id='word_1_365' title='bbox 891 2499 927 2553; x_wconf 86' lang='lat' dir='ltr'><strong>nil</strong></span> <span class='ocrx_word' id='word_1_366' title='bbox 938 2503 1026 2553; x_wconf 86' lang='lat' dir='ltr'><strong>Diuus</strong></span> <span class='ocrx_word' id='word_1_367' title='bbox 1037 2510 1086 2553; x_wconf 88' lang='lat' dir='ltr'><strong>est.</strong></span> 
     </span>
     <span class='ocr_line' id='line_1_81' title="bbox 709 2578 1003 2644; baseline -0.007 -15"><span class='ocrx_word' id='word_1_368' title='bbox 709 2578 839 2644; x_wconf 87' lang='lat' dir='ltr'><strong>Papillula</strong></span> <span class='ocrx_word' id='word_1_369' title='bbox 852 2586 1003 2644; x_wconf 82' lang='lat' dir='ltr'><strong>arrogantes</strong></span> 
     </span>
     <span class='ocr_line' id='line_1_82' title="bbox 711 2655 1023 2722; baseline -0.006 -15"><span class='ocrx_word' id='word_1_370' title='bbox 711 2655 948 2722; x_wconf 80' lang='lat' dir='ltr'><strong>Oppressiuucnlas</strong></span> <span class='ocrx_word' id='word_1_371' title='bbox 960 2658 1023 2706; x_wconf 87' lang='lat' dir='ltr'><strong>vult.</strong></span> 
     </span>
    </p>

    <p class='ocr_par' dir='ltr' id='par_1_20' title="bbox 742 2733 1095 2785">
     <span class='ocr_line' id='line_1_83' title="bbox 742 2733 1095 2785; baseline -0.003 -1"><span class='ocrx_word' id='word_1_372' title='bbox 742 2733 803 2785; x_wconf 84' lang='lat' dir='ltr'><strong>Sine</strong></span> <span class='ocrx_word' id='word_1_373' title='bbox 814 2734 884 2783; x_wconf 87' lang='lat' dir='ltr'><strong>Vere</strong></span> <span class='ocrx_word' id='word_1_374' title='bbox 897 2734 932 2783; x_wconf 90' lang='lat' dir='ltr'><strong>nil</strong></span> <span class='ocrx_word' id='word_1_375' title='bbox 947 2733 1034 2782; x_wconf 87' lang='lat' dir='ltr'><strong>Diona</strong></span> <span class='ocrx_word' id='word_1_376' title='bbox 1045 2738 1095 2783; x_wconf 88' lang='lat' dir='ltr'><strong>est.</strong></span> 
     </span>
    </p>
   </div>
   <div class='ocr_carea' id='block_1_9' title="bbox 710 2809 1038 2944">
    <p class='ocr_par' dir='ltr' id='par_1_21' title="bbox 710 2809 1038 2944">
     <span class='ocr_line' id='line_1_84' title="bbox 710 2809 1008 2870; baseline -0.007 -12"><span class='ocrx_word' id='word_1_377' title='bbox 710 2809 817 2859; x_wconf 80' lang='lat' dir='ltr'><strong>Tunicae</strong></span> <span class='ocrx_word' id='word_1_378' title='bbox 829 2817 924 2870; x_wconf 79' lang='lat' dir='ltr'><strong>siropte</strong></span> <span class='ocrx_word' id='word_1_379' title='bbox 936 2816 1008 2856; x_wconf 89' lang='lat' dir='ltr'><strong>motu</strong></span> 
     </span>
     <span class='ocr_line' id='line_1_85' title="bbox 710 2882 1038 2944; baseline -0.006 -12"><span class='ocrx_word' id='word_1_380' title='bbox 710 2884 769 2932; x_wconf 83' lang='lat' dir='ltr'><strong>dam</strong></span> <span class='ocrx_word' id='word_1_381' title='bbox 782 2882 900 2930; x_wconf 86' lang='lat' dir='ltr'><strong>subsilire</strong></span> <span class='ocrx_word' id='word_1_382' title='bbox 913 2886 1038 2944; x_wconf 72' lang='lat' dir='ltr'><strong>puguant.</strong></span> 
     </span>
    </p>
   </div>
   <div class='ocr_carea' id='block_1_10' title="bbox 712 2957 1138 3540">
    <p class='ocr_par' dir='ltr' id='par_1_22' title="bbox 712 2957 1091 3155">
     <span class='ocr_line' id='line_1_86' title="bbox 742 2957 1091 3006; baseline -0.003 0"><span class='ocrx_word' id='word_1_383' title='bbox 742 2958 804 3006; x_wconf 88' lang='lat' dir='ltr'><strong>Sine</strong></span> <span class='ocrx_word' id='word_1_384' title='bbox 816 2957 885 3005; x_wconf 87' lang='lat' dir='ltr'><strong>Vere</strong></span> <span class='ocrx_word' id='word_1_385' title='bbox 896 2958 932 3005; x_wconf 91' lang='lat' dir='ltr'><strong>nil</strong></span> <span class='ocrx_word' id='word_1_386' title='bbox 945 2957 1031 3005; x_wconf 82' lang='lat' dir='ltr'><strong>Dione</strong></span> <span class='ocrx_word' id='word_1_387' title='bbox 1043 2961 1091 3006; x_wconf 84' lang='lat' dir='ltr'><strong>est.</strong></span> 
     </span>
     <span class='ocr_line' id='line_1_87' title="bbox 712 3031 1005 3096; baseline -0.014 -14"><span class='ocrx_word' id='word_1_388' title='bbox 712 3032 854 3096; x_wconf 86' lang='lat' dir='ltr'><strong>Oculisque</strong></span> <span class='ocrx_word' id='word_1_389' title='bbox 868 3031 1005 3080; x_wconf 85' lang='lat' dir='ltr'><strong>delicatum</strong></span> 
     </span>
     <span class='ocr_line' id='line_1_88' title="bbox 713 3106 1065 3155; baseline -0.003 0"><span class='ocrx_word' id='word_1_390' title='bbox 713 3106 862 3155; x_wconf 83' lang='lat' dir='ltr'><strong>Monstrare</strong></span> <span class='ocrx_word' id='word_1_391' title='bbox 874 3119 932 3153; x_wconf 83' lang='lat' dir='ltr'><strong>mox</strong></span> <span class='ocrx_word' id='word_1_392' title='bbox 945 3111 1065 3154; x_wconf 88' lang='lat' dir='ltr'><strong>rosetum.</strong></span> 
     </span>
    </p>

    <p class='ocr_par' dir='ltr' id='par_1_23' title="bbox 714 3185 1138 3401">
     <span class='ocr_line' id='line_1_89' title="bbox 744 3185 1093 3235; baseline -0.003 0"><span class='ocrx_word' id='word_1_393' title='bbox 744 3187 805 3235; x_wconf 89' lang='lat' dir='ltr'><strong>Sine</strong></span> <span class='ocrx_word' id='word_1_394' title='bbox 817 3186 885 3234; x_wconf 86' lang='lat' dir='ltr'><strong>Vere</strong></span> <span class='ocrx_word' id='word_1_395' title='bbox 897 3185 932 3233; x_wconf 92' lang='lat' dir='ltr'><strong>uil</strong></span> <span class='ocrx_word' id='word_1_396' title='bbox 947 3185 1033 3234; x_wconf 79' lang='lat' dir='ltr'><strong>llieue</strong></span> <span class='ocrx_word' id='word_1_397' title='bbox 1045 3192 1093 3234; x_wconf 89' lang='lat' dir='ltr'><strong>est.</strong></span> 
     </span>
     <span class='ocr_line' id='line_1_90' title="bbox 714 3261 990 3323; baseline -0.011 -11"><span class='ocrx_word' id='word_1_398' title='bbox 714 3265 749 3312; x_wconf 88' lang='lat' dir='ltr'><strong>Et</strong></span> <span class='ocrx_word' id='word_1_399' title='bbox 760 3262 833 3323; x_wconf 87' lang='lat' dir='ltr'><strong>illud,</strong></span> <span class='ocrx_word' id='word_1_400' title='bbox 844 3261 915 3322; x_wconf 90' lang='lat' dir='ltr'><strong>illud,</strong></span> <span class='ocrx_word' id='word_1_401' title='bbox 926 3261 990 3310; x_wconf 90' lang='lat' dir='ltr'><strong>illud</strong></span> 
     </span>
     <span class='ocr_line' id='line_1_91' title="bbox 714 3337 1138 3401; baseline -0.007 -12"><span class='ocrx_word' id='word_1_402' title='bbox 714 3337 766 3389; x_wconf 88' lang='lat' dir='ltr'><strong>Sed</strong></span> <span class='ocrx_word' id='word_1_403' title='bbox 779 3339 886 3401; x_wconf 87' lang='lat' dir='ltr'><strong>pnlclrra</strong></span> <span class='ocrx_word' id='word_1_404' title='bbox 896 3337 1077 3386; x_wconf 86' lang='lat' dir='ltr'><strong>subticendum</strong></span> <span class='ocrx_word' id='word_1_405' title='bbox 1089 3344 1138 3386; x_wconf 89' lang='lat' dir='ltr'><strong>est.</strong></span> 
     </span>
    </p>

    <p class='ocr_par' dir='ltr' id='par_1_24' title="bbox 716 3412 1094 3540">
     <span class='ocr_line' id='line_1_92' title="bbox 746 3412 1094 3462; baseline 0 0"><span class='ocrx_word' id='word_1_406' title='bbox 746 3413 809 3462; x_wconf 81' lang='lat' dir='ltr'><strong>Sine</strong></span> <span class='ocrx_word' id='word_1_407' title='bbox 819 3414 888 3462; x_wconf 89' lang='lat' dir='ltr'><strong>Vere</strong></span> <span class='ocrx_word' id='word_1_408' title='bbox 900 3412 936 3460; x_wconf 92' lang='lat' dir='ltr'><strong>uil</strong></span> <span class='ocrx_word' id='word_1_409' title='bbox 948 3413 1034 3462; x_wconf 85' lang='lat' dir='ltr'><strong>Diona</strong></span> <span class='ocrx_word' id='word_1_410' title='bbox 1045 3420 1094 3462; x_wconf 84' lang='lat' dir='ltr'><strong>ert.</strong></span> 
     </span>
     <span class='ocr_line' id='line_1_93' title="bbox 716 3487 1019 3540; baseline -0.013 0"><span class='ocrx_word' id='word_1_411' title='bbox 716 3490 792 3540; x_wconf 87' lang='lat' dir='ltr'><strong>Hebe</strong></span> <span class='ocrx_word' id='word_1_412' title='bbox 804 3487 915 3538; x_wconf 86' lang='lat' dir='ltr'><strong>rotunda</strong></span> <span class='ocrx_word' id='word_1_413' title='bbox 927 3495 1019 3537; x_wconf 88' lang='lat' dir='ltr'><strong>vcutrs</strong></span> 
     </span>
    </p>
   </div>
   <div class='ocr_carea' id='block_1_11' title="bbox 683 3565 1068 3626">
    <p class='ocr_par' dir='ltr' id='par_1_25' title="bbox 683 3565 1068 3626">
     <span class='ocr_line' id='line_1_94' title="bbox 683 3565 1068 3626; baseline -0.018 -7"><span class='ocrx_word' id='word_1_414' title='bbox 683 3623 685 3626; x_wconf 65' lang='grc'><strong>,</strong></span> <span class='ocrx_word' id='word_1_415' title='bbox 716 3567 777 3618; x_wconf 87' lang='lat' dir='ltr'><strong>Sitit</strong></span> <span class='ocrx_word' id='word_1_416' title='bbox 790 3567 929 3616; x_wconf 85' lang='lat' dir='ltr'><strong>Herculem</strong></span> <span class='ocrx_word' id='word_1_417' title='bbox 940 3565 1068 3613; x_wconf 83' lang='lat' dir='ltr'><strong>maritum.</strong></span> 
     </span>
    </p>
   </div>
   <div class='ocr_carea' id='block_1_12' title="bbox 716 3642 1100 4143">
    <p class='ocr_par' dir='ltr' id='par_1_26' title="bbox 716 3642 1100 3856">
     <span class='ocr_line' id='line_1_95' title="bbox 747 3642 1100 3695; baseline -0.011 -1"><span class='ocrx_word' id='word_1_418' title='bbox 747 3645 809 3695; x_wconf 86' lang='lat' dir='ltr'><strong>Siue</strong></span> <span class='ocrx_word' id='word_1_419' title='bbox 821 3644 891 3693; x_wconf 91' lang='lat' dir='ltr'><strong>Vere</strong></span> <span class='ocrx_word' id='word_1_420' title='bbox 904 3643 938 3690; x_wconf 90' lang='lat' dir='ltr'><strong>nil</strong></span> <span class='ocrx_word' id='word_1_421' title='bbox 952 3642 1038 3690; x_wconf 83' lang='lat' dir='ltr'><strong>Diona</strong></span> <span class='ocrx_word' id='word_1_422' title='bbox 1052 3647 1100 3690; x_wconf 86' lang='lat' dir='ltr'><strong>est.</strong></span> 
     </span>
     <span class='ocr_line' id='line_1_96' title="bbox 716 3715 974 3779; baseline -0.031 -8"><span class='ocrx_word' id='word_1_423' title='bbox 716 3721 833 3772; x_wconf 81' lang='lat' dir='ltr'><strong>Juveuta</strong></span> <span class='ocrx_word' id='word_1_424' title='bbox 844 3715 974 3779; x_wconf 80' lang='lat' dir='ltr'><strong>virginalis</strong></span> 
     </span>
     <span class='ocr_line' id='line_1_97' title="bbox 717 3790 1095 3856; baseline -0.016 -10"><span class='ocrx_word' id='word_1_425' title='bbox 717 3794 844 3846; x_wconf 79' lang='lat' dir='ltr'><strong>Phoebum</strong></span> <span class='ocrx_word' id='word_1_426' title='bbox 856 3793 955 3856; x_wconf 82' lang='lat' dir='ltr'><strong>expetit</strong></span> <span class='ocrx_word' id='word_1_427' title='bbox 968 3790 1095 3853; x_wconf 79' lang='lat' dir='ltr'><strong>glalrellae.</strong></span> 
     </span>
    </p>

    <p class='ocr_par' dir='ltr' id='par_1_27' title="bbox 717 3863 1094 4006">
     <span class='ocr_line' id='line_1_98' title="bbox 750 3863 1094 3920; baseline -0.017 -1"><span class='ocrx_word' id='word_1_428' title='bbox 750 3871 810 3920; x_wconf 74' lang='lat' dir='ltr'><strong>Sine</strong></span> <span class='ocrx_word' id='word_1_429' title='bbox 821 3871 889 3918; x_wconf 90' lang='lat' dir='ltr'><strong>Vere</strong></span> <span class='ocrx_word' id='word_1_430' title='bbox 901 3869 936 3916; x_wconf 91' lang='lat' dir='ltr'><strong>nil</strong></span> <span class='ocrx_word' id='word_1_431' title='bbox 949 3863 1031 3915; x_wconf 87' lang='lat' dir='ltr'><strong>Diona</strong></span> <span class='ocrx_word' id='word_1_432' title='bbox 1045 3873 1094 3914; x_wconf 83' lang='lat' dir='ltr'><strong>est.</strong></span> 
     </span>
     <span class='ocr_line' id='line_1_99' title="bbox 717 3940 1047 4006; baseline -0.021 -10"><span class='ocrx_word' id='word_1_433' title='bbox 717 3947 842 3996; x_wconf 82' lang='lat' dir='ltr'><strong>Pandunt</strong></span> <span class='ocrx_word' id='word_1_434' title='bbox 853 3943 922 3993; x_wconf 79' lang='lat' dir='ltr'><strong>sinus</strong></span> <span class='ocrx_word' id='word_1_435' title='bbox 934 3940 1047 4006; x_wconf 77' lang='lat' dir='ltr'><strong>papillae,</strong></span> 
     </span>
    </p>

    <p class='ocr_par' dir='ltr' id='par_1_28' title="bbox 718 4019 1094 4143">
     <span class='ocr_line' id='line_1_100' title="bbox 718 4019 1003 4081; baseline -0.025 -10"><span class='ocrx_word' id='word_1_436' title='bbox 718 4024 754 4071; x_wconf 88' lang='lat' dir='ltr'><strong>Et</strong></span> <span class='ocrx_word' id='word_1_437' title='bbox 766 4019 882 4069; x_wconf 83' lang='lat' dir='ltr'><strong>ambiunt</strong></span> <span class='ocrx_word' id='word_1_438' title='bbox 895 4019 1003 4081; x_wconf 90' lang='lat' dir='ltr'><strong>puellos.</strong></span> 
     </span>
     <span class='ocr_line' id='line_1_101' title="bbox 749 4089 1094 4143; baseline -0.012 0"><span class='ocrx_word' id='word_1_439' title='bbox 749 4095 809 4143; x_wconf 87' lang='lat' dir='ltr'><strong>Sine</strong></span> <span class='ocrx_word' id='word_1_440' title='bbox 820 4089 936 4141; x_wconf 83' lang='lat' dir='ltr'><strong>Verc&#39;nil</strong></span> <span class='ocrx_word' id='word_1_441' title='bbox 948 4092 1033 4140; x_wconf 89' lang='lat' dir='ltr'><strong>Diona</strong></span> <span class='ocrx_word' id='word_1_442' title='bbox 1045 4097 1094 4139; x_wconf 86' lang='lat' dir='ltr'><strong>est.</strong></span> 
     </span>
    </p>
   </div>
   <div class='ocr_carea' id='block_1_13' title="bbox 718 4159 1032 4230">
    <p class='ocr_par' dir='ltr' id='par_1_29' title="bbox 718 4159 1032 4230">
     <span class='ocr_line' id='line_1_102' title="bbox 718 4159 1032 4230; baseline -0.019 -12"><span class='ocrx_word' id='word_1_443' title='bbox 718 4171 819 4218; x_wconf 82' lang='lat' dir='ltr'><strong>Hortus</strong></span> <span class='ocrx_word' id='word_1_444' title='bbox 833 4159 899 4230; x_wconf 60' lang='lat' dir='ltr'><strong>tuus,</strong></span> <span class='ocrx_word' id='word_1_445' title='bbox 913 4166 1032 4229; x_wconf 74' lang='lat' dir='ltr'><strong>Cytlrcru,</strong></span> 
     </span>
    </p>
   </div>
   <div class='ocr_carea' id='block_1_14' title="bbox 0 0 1399 4694">
    <p class='ocr_par' dir='ltr' id='par_1_30' title="bbox 0 0 1399 4694">
     <span class='ocr_line' id='line_1_103' title="bbox 0 0 1399 4694; baseline 0 0"><span class='ocrx_word' id='word_1_446' title='bbox 0 0 1399 4694; x_wconf 95' lang='lat' dir='ltr'><strong> </strong></span> 
     </span>
    </p>
   </div>
  </div>
 </body>
</html>
