2752 4694
405 327 409 333 ·
435 308 477 359 ru
502 309 667 367 curuum
693 313 848 361 ouuuuu
876 315 976 367 xxu.
1196 302 1261 367 stu

198 453 223 501 ll
241 450 280 500 Ne
298 465 363 501 meus
377 451 448 515 paor]
465 452 496 501 lu
508 453 691 517 manuscriptis
730 468 789 516 pres
801 456 904 504 Horatii
914 458 996 519 Epod.
1006 470 1061 507 riv.
1074 457 1098 507 iu
1110 457 1183 522 illud,
1198 459 1206 486 ⁴
1218 459 1261 509 Ad

171 527 285 587 omnibns,
309 529 353 577 Me
377 544 430 579 arse:
452 529 589 592 legendum
610 528 690 592 sorte,
729 530 875 579 umbilicum
885 532 1032 582 adducere!

170 600 285 655 Μιιιιιιι.
318 605 358 654 Ut
374 619 415 655 me
434 605 568 657 absentem
585 606 690 669 esuriat,
759 604 916 668 Lorambro]
942 607 1043 658 Quibus
1060 608 1261 673 stringerentur,

169 691 192 726 ao
210 679 301 742 sitim
329 680 398 744 qnod
424 695 483 730 eoru
507 681 575 731 baud
604 682 690 745 poulo,
727 680 1043 744 etquasiolauderentur.

166 765 231 815 quam
243 761 284 817 to,
299 754 432 805 liberalius
443 762 601 807 tractarem:
619 759 689 821 qood
759 755 899 805 Membrana
918 756 1021 805 Direcla
1036 757 1140 822 plumbo]
1165 758 1195 807 ln
1207 774 1260 809 nra.

163 832 240 879 lamen
250 844 432 896 usquequaque
439 846 490 882 non
497 833 593 896 placet.
610 832 689 885 Faer-
726 831 866 893 uuscriptis
878 830 1003 892 omnibus,
1014 831 1125 895 Delcclo,
1139 848 1200 897 uon,
1212 836 1259 884 Di·

161 917 201 954 uus
211 905 482 971 legendumputabat‚
498 908 615 958 Vernaus.
725 912 799 956 rectu.
834 907 986 970 Legendum
1006 908 1117 970 videtur,
1137 909 1258 962 Derecto.-

186 986 218 1033 la
235 985 302 1034 Duas
313 983 369 1035 lr‘eel
379 984 476 1048 pudico]
501 986 599 1037 Eodem
610 986 687 1040 modo
727 981 764 1033 sie
782 982 850 1031 enim
869 990 981 1046 veteres,
995 983 1112 1044 Derigere
1130 990 1158 1033 et
1169 984 1258 1034 Derce-

159 1056 284 1109 Psdienm
295 1060 364 1110 dixit
374 1061 483 1111 Sueten.
496 1062 612 1125 Nerone,
628 1064 686 1113 ‘Ex
725 1058 850 1122 inaquosi
870 1060 897 1108 io
916 1074 974 1109 meo
991 1060 1165 1110 vetustissimo
1183 1060 1257 1110 Com·

156 1134 283 1185 nonnullis
311 1137 426 1199 comperi
462 1137 686 1200 persuasissimum
724 1136 908 1183 memoriosum
917 1135 1256 1199 Cassiiseaemploridere

154 1209 270 1261 babuisse
280 1224 350 1274 eum,
361 1212 489 1267 nemiuem
499 1212 627 1263 hominem
640 1229 685 1278 pu·
724 1217 775 1270 est,
786 1216 813 1259 et
825 1210 850 1258 in
862 1211 945 1259 reteri
958 1211 1135 1274 inscriptione,
1146 1226 1203 1276 quse
1215 1220 1258 1264 ιιι

153 1285 304 1350 biaulmont
319 1287 373 1341 ulls
387 1289 503 1352 eorporis
519 1296 595 1354 parte
611 1289 685 1353 poili·
724 1285 814 1336 Romae
835 1286 861 1336 iu
883 1287 997 1336 Basilica
1015 1288 1106 1337 Sancti
1126 1288 1212 1350 Petri,
1230 1289 1257 1341 iu

153 1376 207 1414 eum
217 1361 296 1417 essa!
723 1376 775 1425 qus
784 1376 879 1412 nomen
894 1363 964 1427 equi,
975 1363 1107 1413 Dereolor:
1123 1365 1210 1428 itaque
1222 1379 1257 1415 ex

180 1442 212 1488 1⁸
231 1437 361 1504 Nestorem
371 1438 462 1503 sacia,
481 1442 523 1490 sed
539 1441 685 1506 ιἰιιιιιιιιιιιι]
722 1438 827 1489 Derecto
854 1438 954 1489 facttum
982 1442 1100 1491 Delector
1127 1441 1256 1508 hodieque

152 1512 207 1576 ded,
217 1513 305 1565 dieue
315 1513 619 1579 locopositnurridetur:
636 1517 684 1567 ita·
722 1514 864 1579 scriptores
876 1515 909 1565 ad
927 1516 1097 1579 derigendus]
1109 1518 1216 1581 plumbo
1228 1533 1256 1568 u·

150 1603 197 1654 qne
215 1589 341 1653 legendos
358 1591 404 1640 hos
421 1590 486 1641 duos
504 1606 592 1641 versus
608 1599 683 1656 puts·
722 1595 819 1640 tuctur.

150 1663 206 1714 bam
218 1665 267 1714 boc
275 1665 360 1728 modo,
374 1668 545 1728 Quoredcsiae,
552 1669 608 1717 dum
617 1666 682 1730 ls'oel,
753 1669 769 1714 8
786 1666 1005 1729 Elpumieeomrriu
1014 1668 1119 1730 oequolo]
1136 1668 1255 1733 Compla-

147 1740 684 1806 padieusNefluerufocios,sedirrrumulutr
719 1747 798 1791 nata:
820 1743 857 1792 sic
877 1743 946 1795 Plio.
969 1743 1089 1793 ‘silicem
1108 1744 1254 1808 oeqrrotam,'

151 1816 189 1866 rel
200 1816 246 1867 itio
256 1816 343 1880 modo,
360 1818 440 1876 Quare
456 1818 544 1875 denae,
555 1820 611 1868 dum
626 1820 682 1868 licet
721 1819 785 1869 Nat.
805 1820 876 1870 Hist.
898 1821 941 1872 lib.
957 1834 1055 1872 xxxvi.
1072 1821 1199 1884 ‘Groeei‚’
1216 1822 1254 1872 in·

147 1894 240 1957 puna,
252 1895 291 1945 Ne
300 1894 379 1960 stunt
388 1894 480 1958 focius,
492 1901 530 1945 sol
540 1897 679 1947 inmoratus.
719 1895 785 1958 quit,
803 1898 810 1924 ‘
822 1910 837 1946 e
849 1897 937 1959 lapide
949 1897 1022 1958 drrro,
1034 1911 1065 1946 ac
1077 1898 1152 1946 silice
1168 1914 1252 1963 sequa·

149 1973 215 2029 Nem
236 1986 285 2035 pro
307 1971 436 2022 varietate
461 1972 582 2023 lectionis
608 1971 680 2023 rarle
719 1976 911 2021 soconstmont
928 1971 1008 2020 veluti
1020 1972 1151 2022 latericios
1168 1966 1252 2036 parie-

147 2045 478 2114 quoquedispungendurn.
558 2092 563 2103 Ι
718 2043 779 2095 tes!

750 2125 766 2169 t)
783 2119 845 2168 Hae
855 2135 907 2170 eum
918 2123 991 2182 legas,
1008 2126 1058 2171 lum
1069 2121 1141 2171 lellus
1150 2123 1201 2185 ille]
1219 2123 1250 2173 Iu

282 2172 435 2225 CARMEN
453 2173 545 2234 XXII*
633 2228 636 2232 -
717 2197 903 2258 manuscriptis
915 2195 1041 2259 omnibur‚
1053 2197 1115 2246 Haec
1125 2201 1252 2260 cumlrgos

177 2271 334 2336 lduffosus]
362 2273 463 2324 Dubito
484 2274 623 2336 legendum
645 2289 679 2326 ne
716 2276 750 2322 lu.

145 2349 186 2411 sit,
200 2348 314 2414 Suffenas
322 2367 333 2410 ,-
348 2349 443 2414 dequo
454 2351 522 2401 Pliu.
538 2350 678 2401 ‘erestini
749 2352 780 2396 1⁰
797 2345 910 2412 differtus
919 2346 990 2408 auru]
1008 2347 1066 2398 Hoc
1075 2349 1132 2398 loco
1145 2348 1250 2413 dispun-

143 2425 295 2488 'l'rebulani‚
306 2425 350 2490 qui
365 2427 582 2491 cognominantur
597 2427 678 2476 Muti·
716 2423 828 2488 gendum
840 2439 944 2474 censeo.

144 2502 191 2553 sici
213 2508 242 2552 et
262 2500 439 2553 Suffenates?
464 2517 522 2566 quae
550 2501 677 2553 dubitatio
749 2500 926 2563 Goploalgaa]
955 2499 1078 2564 Ejusdem
1097 2499 1188 2550 formae
1206 2509 1249 2551 est

144 2581 289 2642 tolleretur,
306 2579 330 2629 si
349 2580 383 2628 de
405 2579 505 2633 ultimas
523 2580 629 2642 syllaba
650 2580 676 2629 in
714 2576 784 2639 apud
800 2578 901 2626 Callim.
912 2577 1016 2640 Hymuo
1032 2576 1058 2625 iu
1073 2576 1194 2638 Dianam,
1212 2578 1248 2626 lar-

142 2658 223 2708 rerbo
240 2654 352 2721 wass
369 2657 518 2721 quantitate
535 2664 677 2707 constaret.
714 2652 929 2713 πημολγῶνήγαγε
941 2651 1075 2715 Κιμμερίων.

141 2734 224 2784 certe
235 2734 369 2785 Volcatius
384 2731 517 2794 Sedigitas
536 2732 562 2780 in
580 2732 676 2783 lambis
747 2733 776 2777 ll
797 2730 899 2779 Tauium
908 2728 1157 2792 oblooeaoooarot]
1180 2729 1247 2779 Tam

139 2808 174 2859 de
196 2807 308 2859 Cornicis
328 2807 419 2857 Pobtis
436 2807 593 2870 spondanus
613 2824 675 2873 quo·
713 2803 843 2853 dissimilis
854 2821 956 2854 snorum
969 2812 1010 2853 est
1021 2806 1248 2868 ipseornsmeoto·

140 2898 192 2948 que
203 2882 319 2935 secundo
329 2884 388 2939 loeo
399 2897 497 2947 ponere
510 2898 561 2933 non
574 2885 675 2935 dubita·
713 2896 779 2941 rrum,
787 2890 831 2932 aut
843 2883 899 2944 ipse
909 2882 958 2944 sni,
969 2881 1013 2945 qui
1024 2881 1119 2944 alioqui
1131 2880 1245 2928 urbanus

140 2960 188 3011 rit.
515 2995 516 2998 ,
712 2963 791 3006 esset.
834 2957 883 3007 Est
902 2963 990 3005 antem
1016 2955 1041 3002 in
1063 2954 1246 3016 manuscriptis

172 3038 189 3085 ἓ
206 3036 287 3086 Hosto
295 3041 331 3087 est
341 3041 461 3096 aeumlao,
472 3040 495 3086 el
504 3035 585 3097 diona,
596 3042 619 3085 et
632 3050 673 3087 ar·
712 3031 831 3082 omnibus
843 3036 928 3093 molal,
937 3045 988 3079 non
1002 3034 1081 3079 aulul.

137 3110 222 3173 mass]
239 3111 298 3165 ‘Tu
314 3127 376 3163 vero
388 3109 508 3174 festivus,
520 3113 674 3175 inelegans,
722 3170 725 3176 Ι
746 3109 847 3158 Turrinus
857 3106 977 3165 obhorret,
987 3119 1015 3152 ua
1025 3103 1107 3165 aulul]
1123 3102 1156 3152 Id
1169 3109 1246 3166 est,a

138 3194 168 3238 lu
179 3189 250 3236 solus
263 3185 394 3237 urbanus.'
426 3187 483 3237 Cic.
500 3187 527 3236 iu
544 3187 673 3251 Clodium,
710 3199 738 3233 se
750 3185 806 3246 ipse
817 3184 899 3231 altero
911 3182 955 3230 illo
967 3181 992 3229 in
1005 3194 1100 3243 genere
1109 3178 1245 3246 di‚ffert‚ae

137 3269 166 3313 nt
185 3262 334 3325 Curionem,
344 3269 375 3311 ut
392 3261 461 3315 eitst
476 3260 626 3311 Rufinianus
646 3261 673 3312 ln
710 3260 860 3323 degenerat.
893 3259 937 3308 Sic
950 3256 1242 3321 uoluntariorum.

137 3337 258 3401 exemplo
269 3336 372 3387 Irouiae.
709 3335 831 3386 ‘norme’
853 3335 957 3385 ridetur
977 3334 1102 3397 posuisse.
1131 3334 1197 3384 ‘Sed
1217 3349 1243 3384 e·

170 3415 269 3465 spuo
277 3427 326 3467 esst
334 3413 434 3476 agoilli]
450 3413 495 3464 Sic
504 3420 561 3465 erat
570 3413 596 3462 in
604 3411 672 3463 Maf-
709 3412 779 3476 nim,'
802 3411 894 3476 inquit,
919 3414 1075 3475 ‘postquam
1102 3411 1129 3465 iu
1153 3425 1243 3460 manns

135 3489 172 3541 fei
183 3490 259 3551 libro,
270 3490 332 3541 eliu
343 3504 418 3550 meu;
433 3490 537 3554 inullis,
547 3491 671 3554 Pulaego,
708 3487 855 3538 Menander
873 3487 955 3549 venit,
972 3503 987 3536 a
1007 3487 1135 3550 principio
1153 3487 1242 3536 statim
1279 3508 1283 3513 ·

133 3566 501 3632 quodmiuimeprobsrrdum.
706 3565 746 3615 Di
767 3565 836 3628 boni,
859 3571 983 3629 quantum
1005 3569 1123 3626 stupere,
1143 3577 1174 3613 ae
1195 3561 1242 3611 fri·

168 3649 183 3690 5
202 3641 321 3703 Necsoit]
344 3642 375 3691 lu
386 3643 567 3707 manuscriptis
577 3643 670 3705 tribus,
706 3654 779 3702 gere,
793 3647 965 3705 quantumque
983 3645 1076 3688 nutare
1097 3653 1113 3687 a
1132 3638 1241 3686 Meuan-

135 3717 248 3767 Neeu'sr
265 3715 292 3766 in
304 3726 365 3778 trun,
383 3717 438 3768 Nee
450 3719 509 3768 teil:
526 3719 614 3783 itaque
634 3721 670 3768 le·
707 3716 754 3765 dro
767 3715 886 3765 Caecilius
904 3715 972 3764 visus
989 3713 1047 3764 est!
1078 3714 1165 3763 Verbo
1185 3714 1240 3775 ipso

132 3792 295 3856 gendum,ul
303 3798 364 3848 tute
373 3791 456 3846 Aldus
467 3794 609 3858 impressit,
620 3796 671 3845 Nec
708 3789 882 3854 ‘abborrere‚’
901 3789 992 3838 eodem
1011 3791 1088 3839 modo
1105 3788 1192 3836 Livius
1204 3789 1240 3834 vi·

78 3860 88 3877 ³
130 3872 178 3924 sie.
707 3868 785 3917 detur
808 3882 868 3917 usus
889 3867 915 3916 in
938 3880 964 3916 v.
987 3865 1020 3916 ab
1041 3866 1075 3914 U.
1094 3863 1124 3912 C.
1151 3861 1239 3911 ‘Tum

167 3945 268 3996 dNooi
286 3943 353 4007 llbrs]
377 3945 486 4007 Nescio,
505 3960 538 3995 an
556 3958 605 4009 per
622 3945 669 3995 ‘li-
706 3950 807 4007 septem
828 3950 855 3993 et
873 3941 965 4006 viginti
992 3939 1115 4002 virgines,
1136 3937 1239 4000 longam

132 4022 206 4072 bros'
222 4023 279 4083 ipsa
289 4021 414 4072 librorum
426 4026 578 4085 tegumenta
589 4021 670 4087 dicat,
706 4019 805 4071 indutas
823 4027 933 4081 vestem,
943 4029 1047 4067 carmen
1067 4016 1092 4063 iu
1108 4013 1238 4064 Junonem

133 4072 214 4165 stqde
226 4097 368 4150 involucra.
392 4102 401 4123 ⁸
706 4098 820 4160 reginam
831 4101 954 4147 canentes
972 4091 1055 4153 ibant,
1066 4091 1110 4141 illa
1126 4096 1239 4154 tempes-

78 4176 81 4184 '
167 4179 182 4224 l
201 4174 266 4225 Noni
277 4172 401 4236 umbilici}
417 4175 460 4225 De
471 4175 562 4241 quibus
582 4175 667 4226 Inter·
706 4180 760 4224 tate
772 4171 881 4225 forsitan
899 4166 1031 4223 laudabile
1049 4165 1154 4225 rudibus
1166 4167 1237 4232 lnge·
