2752 4694
180 304 245 373 ⁷78
465 272 468 277 ἲ
526 316 644 372 Aaou.
669 318 793 374 atvrur
818 318 925 375 norro
968 352 971 356 -

179 460 268 525 clusit,
283 460 375 522 nivers
390 461 532 525 Μολικᾶς,
554 464 647 527 Mira,
665 464 710 529 irs,
746 461 831 530 lepino«,
842 462 977 529 adparitor
987 458 1127 513 sen'viatcr
1138 460 1182 514 ille
1193 475 1282 516 tacet·

179 537 265 600 mr?
277 536 364 587 tantm
386 537 469 600 Isdpe
477 538 602 587 Butuliaos
612 553 710 602 marr,
746 540 876 590 detumet
893 539 926 588 ad
944 551 1017 588 sacra
1026 537 1109 588 citans
1120 539 1192 602 abor,
1209 547 1281 591 utet

178 627 231 663 asso
241 612 322 674 Musa,
332 614 471 661 Gemmas:
487 616 526 674 et,
533 611 622 662 Daciae
630 614 711 664 Buro-
746 616 773 666 in
785 616 873 667 Gloss.
892 615 988 666 Isidori
1008 615 1130 666 Minister
1145 630 1280 666 sacrorum

177 687 639 749 damnemurrdtmaeuamr.
656 688 710 739 libi
746 690 785 740 lta
796 690 924 742 redditur.
955 690 999 740 Sic
1009 696 1095 739 antero
1107 688 1212 740 videtur
1232 693 1282 741 Ca·

178 763 350 814 retusscbul.
363 761 522 826 observavit,
538 764 612 813 τοῦτο
628 761 654 813 sl
670 763 710 812 λέ·
747 766 815 816 lator
825 766 867 816 bic
878 765 1019 816 inclamare
1030 771 1058 815 et
1066 767 1185 816 excitare
1204 768 1280 818 Deos

178 855 248 901 porat
273 837 392 904 spdqupo,
419 837 459 888 sai
478 838 650 904 διῳιλόδημα,
670 839 710 890 nul
747 840 920 890 etbomines:
943 838 1004 889 croi
1012 841 1137 905 «Μ,ῃὶ
1152 856 1281 906 umqum

177 913 264 976 bebi.
296 913 328 963 Τὸ
347 911 373 963 sl
392 912 479 977 ἄρχετε
496 915 536 964 nul
551 911 710 978 almiro·
746 917 853 975 mouit:
884 916 972 980 quique
996 917 1097 980 umoit,
1124 920 1181 968 crus'
1204 926 1279 970 uma.

178 991 221 1040 dod
236 987 371 1052 τάευέχει.
403 990 462 1041 Quo
478 989 572 1052 innuit,
591 992 709 1041 eumdem
746 991 969 1044 Quemadmodum
989 993 1042 1042 tale
1061 999 1102 1043 ast
1117 995 1280 1057 preconium

178 1079 291 1131 rusum,
302 1080 378 1132 quem
386 1065 492 1148 sequius
504 1066 617 1130 advirg.
629 1067 710 1117 inter·
747 1066 817 1130 apud
830 1066 928 1118 Arnob.
936 1068 982 1118 lib.
993 1081 1046 1117 vn.
1061 1068 1131 1119 Adr.
1141 1069 1223 1120 (ient.
1233 1069 1280 1121 fol.

179 1143 291 1193 calarem
303 1141 417 1200 vocavit,
435 1141 537 1192 Graecis
547 1157 596 1207 pro
608 1142 711 1194 diversa
747 1143 804 1192 lio.
821 1142 909 1194 ‘Jovis
920 1144 1025 1206 epulum
1036 1157 1093 1193 cras
1105 1143 1163 1194 est?
1271 1181 1273 1184 -

180 1217 438 1284 quidemrationeet
453 1217 551 1282 positu,
568 1231 638 1267 nuuc
653 1220 710 1283 qui·
778 1221 795 1266 il
814 1219 879 1268 lissa
898 1220 985 1282 liqum
1006 1221 1036 1268 de
1056 1233 1166 1283 superse,
1184 1234 1280 1284 sparum

180 1294 242 1344 dem
267 1293 331 1343 illud
359 1293 496 1355 denotare,
525 1292 594 1358 quod
623 1295 710 1344 Latini
744 1295 1108 1357 matisglobo,coerulosister
1117 1299 1280 1359 adtenuata·

177 1366 357 1419 ‘Proludinru
364 1367 372 1390 '
379 1367 439 1417 seu‘
447 1367 710 1433 Prolusionem,’cic.
746 1375 785 1419 ter
794 1374 818 1418 et
828 1369 923 1433 bipedes
929 1384 1006 1432 equos,
1015 1369 1083 1418 Fecit
1092 1372 1219 1420 undantem
1230 1372 1281 1421 Di·

179 1444 288 1495 etGell.
300 1443 524 1494 ‘Pracentiouem
534 1442 542 1467 ’
553 1443 712 1508 indigitavit,
747 1459 805 1496 orer
822 1448 852 1496 ds
868 1447 962 1495 muntia
972 1446 1096 1511 imbribus]
1117 1445 1225 1496 Amicus
1234 1448 1280 1499 ille

177 1519 224 1568 sed
240 1518 333 1582 vulgus
348 1518 583 1569 ‘Praeambuluma'
603 1520 671 1582 quod
682 1527 712 1570 et
747 1519 829 1584 lipsii
838 1520 912 1571 Pith.
928 1521 985 1570 baec
1005 1520 1110 1586 quidem
1128 1521 1166 1570 sic
1185 1528 1281 1585 postea

177 1593 279 1649 Graecis
288 1608 390 1660 quoque
399 1594 566 1658 deprehendo
573 1593 651 1644 fuisse
660 1595 711 1645 usi·
748 1596 907 1660 emendavit,
920 1611 978 1645 cum
991 1595 1024 1645 ab
1041 1595 1116 1645 initio
1128 1596 1216 1659 legere
1227 1611 1280 1646 coe·

178 1677 272 1722 tatum.
289 1672 333 1721 Sic
344 1669 413 1720 euim
422 1671 579 1734 Hesychius,
587 1670 713 1737 opositis,
748 1670 839 1734 pisset,
848 1673 914 1720 Juao
924 1684 977 1719 rore
986 1672 1016 1720 de
1026 1672 1140 1734 capemb.
1168 1670 1224 1720 Sibi
1236 1685 1281 1722 rc·

176 1747 208 1797 ri
218 1745 394 1810 rpoautlpora,
410 1746 488 1810 ὥσπερ
501 1744 664 1810 προάμβουλα,
680 1746 712 1796 τὰ
749 1759 778 1794 ro
789 1745 859 1808 apud
872 1747 987 1796 Danaam
1003 1744 1132 1796 fabulauti
1142 1746 1210 1798 bauo
1221 1762 1280 1798 cur·

177 1820 382 1886 :munuum
397 1822 456 1872 ,lam
467 1835 530 1871 reru
542 1823 661 1872 eumdem
672 1824 711 1871 in·
748 1821 890 1871 rectionem
901 1820 1016 1871 feliciter
1033 1821 1081 1871 aul)
1100 1837 1179 1872 mauu
1189 1828 1279 1874 natam

176 1897 333 1947 torcularem
355 1893 520 1958 ἐπιμελῷθημα
538 1912 606 1961 esse,
629 1898 711 1947 veluti
749 1910 806 1946 esse
824 1896 894 1946 idem
911 1896 949 1947 ait
970 1897 1042 1960 Lips.
1065 1898 1130 1946 luno
1149 1912 1232 1948 crum
1249 1903 1280 1949 de

177 1971 289 2023 carmen
299 1973 327 2022 iu
335 1972 464 2023 Poimatc
474 1971 625 2039 frequenter
637 1988 713 2038 repe·
746 1986 848 2035 superno
859 1986 887 2021 oo
895 1985 988 2035 spumeo
997 1973 1066 2036 ponti
1084 1988 1097 2022 e
1110 1973 1189 2035 globo.
1221 1975 1280 2025 Ad·

178 2049 254 2098 titum
264 2055 292 2099 ct
302 2048 572 2113 interpositum,quod
580 2049 653 2100 Galli
661 2052 712 2100 Re·
748 2047 840 2111 (litque
858 2049 895 2097 nil
914 2049 1008 2097 clarius
1026 2063 1083 2098 esse
1095 2063 1187 2113 posse:
1205 2055 1278 2116 tangi

169 2121 239 2184 freis
256 2125 286 2174 de
305 2124 404 2186 munde,
416 2122 489 2188 qnasi
509 2123 710 2175 refrenationem
748 2122 817 2172 enim
827 2122 961 2185 Fabulam,
980 2137 1032 2188 qua
1048 2123 1136 2173 Venus
1153 2139 1168 2174 e
1187 2140 1280 2189 spuma

176 2198 249 2250 cheri
271 2198 379 2249 dicunt:
396 2206 527 2264 postremo
539 2214 600 2250 vero
620 2209 711 2251 notare
747 2198 826 2249 maris
845 2204 909 2248 nata
928 2196 1051 2261 tingatur,
1070 2204 1099 2248 et
1118 2213 1132 2248 e
1152 2202 1278 2264 sanquine

179 2281 209 2325 et
220 2275 360 2326 clausulam
372 2276 503 2339 carminis,
520 2275 588 2340 quod
599 2278 709 2328 'l'ertull
748 2274 868 2336 prolium,
888 2281 918 2323 ut
934 2273 1041 2323 boueate
1058 2273 1140 2334 dicat,
1156 2276 1223 2325 coeli.
1236 2278 1279 2327 'ri-

176 2350 411 2415 ‘Epioitharisma’
428 2350 474 2402 lib.
491 2350 561 2401 Adv.
573 2353 707 2403 valentin.
747 2347 811 2398 bull.
822 2348 869 2398 lib.
880 2362 900 2396 1.
922 2348 996 2410 Eleu.
1007 2352 1031 2398 2.
1040 2353 1081 2398 89.
1097 2349 1141 2399 ‘ls
1152 2352 1279 2415 sanguiue

178 2425 276 2476 Graeca
287 2440 350 2475 voce
357 2425 475 2476 dixerat:
486 2427 513 2475 iu
522 2426 633 2490 Hymnis
640 2428 710 2492 quod
746 2429 844 2480 natam,
852 2423 1013 2474 Invenerem
1019 2424 1109 2475 rabido
1116 2426 1211 2475 sentiet
1218 2441 1280 2477 esse

177 2502 329 2566 succinitur,
347 2499 464 2564 ἐφύμνιον,
483 2503 562 2566 vulgo
578 2503 709 2554 ‘verrium
746 2499 830 2549 mari?
856 2500 893 2549 Et
902 2498 1002 2550 Amob.
1013 2499 1057 2548 lib.
1069 2514 1108 2550 rr.
1125 2502 1277 2566 ‘Numquid

176 2578 247 2628 lum'
258 2578 401 2641 nuncupari
411 2577 524 2626 Budoeus
536 2578 561 2626 in
571 2579 656 2641 Epist.
664 2579 709 2628 ad·
747 2591 763 2627 a
774 2575 850 2627 uobis
862 2576 959 2626 dicitur
968 2590 1001 2626 ex
1009 2576 1095 2640 pelagi
1104 2590 1195 2639 spuma
1206 2585 1234 2627 et
1243 2593 1277 2628 ex

179 2651 289 2703 detaut.
324 2652 413 2702 Quare
432 2652 545 2714 Scaliger
566 2661 640 2701 reete
663 2654 709 2703 ibi·
747 2651 814 2701 Coeli
840 2651 995 2715 genitalibus
1022 2651 1162 2715 amputatis
1180 2653 1279 2716 Cythe-

178 2727 238 2777 dem
249 2726 282 2774 ad
292 2726 459 2789 interpositos
476 2726 533 2775 illus
550 2728 640 2777 retulit
656 2742 709 2778 om·
747 2741 799 2778 rem
828 2727 938 2776 Veneris
973 2737 1124 2777 concretum
1150 2729 1278 2780 coaluisse

177 2802 222 2852 nia
250 2800 416 2864 drepanium
449 2808 478 2851 et
511 2802 708 2866 προσφορήματα.
748 2801 911 2853 caudoremi’
927 2803 1277 2868 Fulgent.ital1ytnol.lib.

176 2873 272 2931 Qualls'
279 2878 433 2928 acclamatio
442 2885 483 2928 est
492 2880 572 2928 etiam
581 2882 650 2943 apud
660 2882 708 2930 ca·
747 2891 780 2928 rr.
796 2877 934 2927 ‘Exsectis
955 2876 1024 2928 falce
1035 2877 1143 2927 Saturni
1157 2879 1277 2930 virilibus

178 2956 235 3006 tull.
249 2957 363 3020 Epitlrsl.
372 2956 426 3006 Jul.
437 2963 464 3005 et
473 2957 554 3006 Manl.
563 2958 607 3007 ubi
620 2960 708 3009 statim
748 2961 828 3019 atque
845 2954 872 3002 in
882 2947 956 3003 mare
963 2953 1095 3017 projectis,
1111 2953 1179 3019 quod
1189 2955 1280 3005 Venus

177 3032 204 3081 iu
222 3030 310 3081 fronte
331 3030 437 3081 adfatur
454 3031 609 3096 Hymenem,
630 3046 708 3097 quem
746 3036 809 3079 nata
824 3028 917 3092 fertur,
935 3027 1047 3078 Publica
1064 3029 1163 3078 vanitas
1182 3043 1279 3094 propo·

176 3106 256 3158 toties
281 3107 395 3171 repetita
423 3106 588 3156 invocatione
616 3113 708 3170 postea
746 3098 810 3153 uere
829 3103 921 3165 voluit,
939 3102 1008 3168 quod
1026 3103 1095 3153 vires
1112 3105 1211 3156 Cluroni
1230 3120 1279 3156 seu

177 3182 303 3246 subdidit,
318 3182 444 3232 ‘collisu
460 3182 591 3231 Heliconii
608 3182 708 3246 Cultor,
746 3179 895 3243 Temporis,
905 3178 932 3228 id
943 3185 994 3241 eat,
1004 3178 1093 3242 fruges
1101 3178 1170 3229 falce
1181 3181 1279 3231 abacis.

177 3257 287 3309 Uraniae
298 3271 388 3321 genus.
400 3256 453 3309 Qui
463 3257 534 3319 rapis
543 3264 659 3306 teneram
674 3257 707 3307 ad
746 3271 791 3318 sae,
800 3264 827 3304 et
838 3256 865 3304 in
875 3256 996 3304 humores
1012 3254 1150 3316 viscerum,
1165 3256 1279 3307 velutin

177 3333 262 3384 sirum
271 3332 591 3395 Virginem,oHymenaee
602 3333 707 3404 hymen,
745 3345 817 3381 mare
834 3330 968 3394 projectae,
984 3328 1119 3379 libidinem
1138 3330 1279 3382 saturitate

177 3406 284 3471 Hymen
296 3420 311 3455 o
322 3406 466 3470 Hymenaee
472 3405 488 3454 l'
512 3404 601 3470 Atque
612 3407 707 3458 itanec
748 3407 866 3472 gignant,
874 3420 979 3456 necesse
990 3405 1042 3457 sit?
1063 3406 1147 3456 Varro
1158 3407 1192 3456 de
1201 3409 1232 3459 L.
1244 3408 1278 3460 L.

178 3483 278 3534 Noster
289 3481 485 3531 male-Theocr.
504 3487 532 3530 et
551 3481 647 3531 catulli
663 3497 708 3532 ea·
745 3482 843 3534 lib.1v.
860 3497 887 3545 p.
897 3484 937 3532 lc.
970 3480 1080 3532 ‘Po'e‘te
1098 3481 1138 3531 de·
1153 3483 1219 3533 roelo
1238 3498 1281 3554 se.

177 3559 263 3624 amplo
284 3557 435 3622 auspicatus
463 3562 503 3607 est
526 3556 558 3606 ab
580 3557 708 3621 ejusmodi
745 3556 1279 3621 menigueomeecidiasedicuntiumsre,

178 3635 311 3701 adloquio,
322 3649 373 3699 quo
388 3633 500 3698 juvenes
518 3632 656 3697 peniteret
671 3634 707 3685 vi·
747 3646 778 3683 ac
797 3638 886 3681 natam
905 3645 921 3680 e
943 3631 1040 3694 spumis
1058 3632 1198 3695 Veneram,
1215 3648 1278 3685 oon·

72 3753 80 3759 .
176 3726 231 3774 ros,
246 3712 360 3776 virgines
369 3717 399 3760 et
410 3708 538 3772 foeminas,
555 3711 661 3761 coelibes
679 3715 709 3761 et
741 3706 881 3771 junctione
892 3705 959 3768 iguis
970 3705 1139 3756 etbumoris!
1162 3707 1221 3758 Quo
1232 3723 1279 3760 uo·

175 3785 267 3837 viduos
289 3785 322 3835 ad
342 3798 452 3834 amorem
473 3792 661 3836 convocaturus
679 3791 707 3835 et
745 3781 815 3832 mine
826 3781 919 3846 aliquis
928 3779 998 3831 forte
1009 3782 1113 3845 legerit,
1124 3782 1190 3832 luno
1200 3786 1280 3837 colore

176 3860 363 3922 concitaturus,
382 3858 487 3908 eosdem
503 3859 707 3909 crebriusincla·
745 3858 1187 3921 dssupcrnooospameopontiglobu.
1219 3860 1279 3914 Jul.

177 3949 250 3986 mare
261 3940 289 3983 et
299 3930 467 3997 interpellare
479 3934 569 3984 voluit.
601 3935 639 3985 Ut
647 3949 706 3999 pro·
745 3946 848 3999 quoque
860 3932 941 3984 Suliu.
952 3935 1053 3996 fragm.
1065 3933 1175 3984 Pontico
1183 3933 1278 3987 deve.

177 4009 238 4060 inde
251 4025 340 4060 uersus
349 4010 399 4059 iata
407 4022 459 4060 uon
468 4009 543 4060 modo
552 4011 587 4060 sit
595 4009 706 4062 interca·
744 4024 819 4074 nere,
834 4010 909 4073 ‘quae
920 4010 1017 4060 semiue
1029 4009 1095 4072 coeli,
1105 4009 1278 4064 Parturienta

177 4085 249 4147 laris,
270 4086 316 4134 sed
335 4099 412 4134 sorus
425 4085 552 4134 ‘Veneris
581 4085 706 4148 calator,’
745 4084 808 4147 aalo,
825 4083 901 4133 divisi
922 4081 1043 4146 perminis
1065 4089 1141 4145 estu,
1159 4084 1278 4148 Spumea

178 4159 390 4224 quemadmodum
410 4160 437 4210 in
458 4160 543 4212 Gloas.
563 4161 706 4224 ὁκβιβαστὴς
745 4158 867 4227 purpurei
879 4156 1277 4224 dumasuguiuatuudaprot'un.
