2752 4694
196 304 264 371 484
448 317 487 362 u.
510 313 545 362 s.
569 311 720 383 nunaut
743 310 1046 362 connectamus

197 461 423 518 collocatamset;
440 462 481 519 nt,
496 470 529 506 en
544 457 653 520 primum
664 456 728 507 illud
798 461 816 506 8
831 457 953 506 Fumat
963 455 1030 520 cupa]
1057 457 1298 521 Quonymphaeca·

197 535 317 601 praelium
325 532 514 594 committente,
521 530 728 596 effringentsque
765 540 813 598 put
823 534 936 594 amicius,
947 533 979 582 ad
990 533 1114 596 pudorem
1124 533 1299 583 indicandum.

196 610 261 661 illud
278 608 386 672 virginei
403 607 509 672 pudoris
525 609 607 658 veluti
624 610 730 671 vallum,
766 611 868 671 Festus,
902 604 1026 659 ‘Flamen
1054 608 1177 658 amicitur
1198 609 1299 658 nubens

119 675 125 686 ’
197 687 306 747 emmor,
316 685 418 750 quinon
426 697 579 748 uunquama
589 685 730 747 virginibus
766 685 857 734 ominis
872 683 933 734 boui
950 697 1058 744 canrsa;
1071 683 1139 748 qued
1150 697 1181 733 ea
1194 683 1303 734 assidue

196 763 224 812 iu
234 775 266 811 cu
278 758 399 811 conflictu
410 759 453 809 edi
465 760 541 823 sciet,
550 758 667 809 exaudiri
678 773 730 810 nnn
765 759 891 810 utebatur
911 758 1051 824 flaminica,
1070 759 1097 808 id
1119 765 1167 822 est,
1185 757 1303 809 flamiuls

196 841 303 906 posset:
320 835 347 884 in
368 850 444 900 quem
460 850 535 886 usum
554 836 633 886 etiarn
649 845 729 886 uncas
766 850 840 900 uxor,
860 836 902 888 cui
921 849 973 885 non
990 835 1089 885 licebat
1106 832 1197 884 facere
1213 834 1304 884 diror-

196 912 284 978 pneris
302 912 391 975 spargi
414 911 550 971 solebaut;
575 911 667 975 quibus
690 911 731 960 illi
766 910 852 960 tium!
1366 972 1369 977 ,

195 987 730 1053 colligendisintenti,tnmnltuetatrepltu
799 987 954 1050 tobaleam]
974 984 1302 1037 Calorembnncfuisseiu

197 1067 284 1119 omnia
304 1065 454 1129 implerent.
486 1063 526 1113 At
543 1064 593 1114 bac
609 1076 686 1113 versu
702 1069 731 1113 et
766 1065 864 1130 nuptiis
874 1065 1005 1126 usitatum,
1016 1072 1107 1114 auctor
1116 1068 1156 1113 est
1164 1062 1235 1126 Plu,

196 1142 291 1206 puellm
303 1141 367 1204 ipsae
382 1139 563 1201 admonentur,
572 1142 602 1187 ut
618 1143 731 1199 canant;
799 1144 831 1190 14
842 1138 1129 1203 Pellelemnmpedibas]
1158 1139 1231 1188 Saltu
1242 1154 1249 1188 τ
1262 1139 1305 1190 sic

196 1225 225 1268 et
236 1224 294 1269 sota
309 1216 435 1279 nuptialis
451 1229 547 1280 pompa
561 1213 731 1277 describitur,
766 1217 862 1269 Horat.
883 1217 982 1267 ‘Nunc
1001 1221 1043 1266 est
1064 1212 1213 1277 bibendum,
1231 1228 1304 1264 nnnc

195 1302 237 1358 nt,
248 1293 464 1359 quemadmodum
480 1298 542 1342 aute
552 1291 616 1354 dixi,
625 1291 731 1355 Epiths·
766 1292 925 1358 pedeliberu
933 1291 1066 1342 Pulsanda
1077 1289 1175 1340 tellus!

196 1371 304 1419 laminam
321 1383 378 1421 esse
399 1370 445 1419 vix
467 1367 564 1431 possita
592 1367 643 1417 uisi
663 1366 730 1431 quis,
799 1368 966 1433 inspirans]
977 1369 1062 1418 Recte
1074 1366 1223 1418 emendavit
1231 1367 1304 1418 bunc

199 1445 367 1510 Epithalamii
389 1443 493 1494 nomine
511 1443 589 1492 letius
610 1448 731 1506 accepte,
766 1443 851 1494 locum
874 1450 936 1494 aute
954 1443 1000 1492 bos
1017 1443 1203 1508 quinquaginta
1218 1458 1303 1494 annua

197 1536 273 1571 omne
298 1519 425 1583 Nuptiale
453 1519 565 1570 carmen
588 1516 730 1581 significari
767 1520 935 1583 Parthenius,
960 1535 1019 1571 cum
1052 1524 1131 1569 autea
1157 1520 1304 1584 legeretur,

198 1602 285 1660 putet.
309 1593 443 1658 Principio
454 1593 535 1658 igitur
547 1593 730 1658 Hymenaeum,
767 1596 883 1652 Pineum
902 1595 1003 1658 espina
1016 1593 1084 1644 euim
1100 1593 1160 1644 alba
1169 1594 1305 1658 nuptiales

199 1673 287 1722 Deum
297 1671 447 1735 nuptiarum
455 1669 604 1735 presidem,
611 1671 733 1733 iuvncat;
768 1670 849 1720 ttedas
859 1668 918 1720 tierl
929 1670 1026 1732 solitas,
1037 1677 1065 1720 et
1076 1671 1168 1720 Festus
1179 1676 1305 1732 testatur,

199 1759 311 1810 eumque
323 1751 390 1808 orat,
407 1751 438 1794 ut
448 1746 487 1794 bis
504 1744 603 1808 nuptiis
616 1742 681 1794 felix
699 1759 731 1794 ac
768 1754 797 1795 et
808 1746 877 1795 Pliu.
889 1745 968 1811 idque
980 1745 1099 1810 quoniam
1110 1745 1137 1795 iu
1149 1746 1305 1796 Sabinarum

200 1821 329 1883 propitius
350 1820 422 1870 assit.
453 1820 520 1871 Quae
539 1819 573 1868 de
588 1819 733 1884 Hymeuaen
769 1827 855 1884 raptu,
868 1821 912 1885 qui
930 1819 1080 1870 felicissime
1099 1822 1187 1888 cessit,
1204 1822 1304 1872 talibus

199 1895 349 1959 traduntur,
355 1895 415 1961 quia
423 1896 577 1960 pervulgata
585 1894 733 1961 sunt,piget
769 1898 847 1947 etism
857 1897 934 1947 tardis
946 1904 1064 1960 pastores
1075 1898 1115 1946 usi
1127 1903 1212 1948 eraut.

199 1973 338 2023 ascribere.
802 1969 834 2022 16
851 1974 961 2035 Namque
971 1970 1051 2034 dulia]
1070 1971 1152 2036 AEqpe
1167 1970 1304 2035 pulchram

159 2057 162 2066 ·
204 2072 207 2077 ·
232 2049 391 2113 aeutrapn]
410 2050 513 2112 Festus,
526 2048 535 2077 ‘
549 2048 616 2112 Rapi
628 2049 733 2099 simula·
769 2062 827 2097 esse
838 2047 903 2096 dicit
913 2046 1021 2106 Julism,
1037 2052 1116 2110 atque
1131 2055 1188 2096 erat
1204 2048 1305 2111 Venus,

199 2131 243 2176 tur
252 2125 324 2188 virgo
332 2140 365 2174 ex
376 2125 591 2188 greminmatris3
608 2131 663 2184 aut,
671 2125 693 2174 si
701 2138 734 2175 es
770 2138 828 2173 curn
841 2123 873 2172 ad
883 2123 1012 2180 Paridem,
1025 2122 1145 2172 subitura
1161 2122 1250 2173 forme
1258 2122 1304 2188 ju·

198 2215 251 2249 uon
274 2207 325 2263 est,
345 2215 379 2249 ex
395 2200 513 2263 proxima
532 2200 733 2265 necessitudine,
769 2197 875 2260 dicium,
887 2197 967 2247 veuit.
1000 2196 1228 2247 Fabulanmnibus
1239 2206 1308 2252 uota

199 2275 304 2325 cnmad
317 2276 398 2324 virum
416 2276 542 2326 trabitur:
560 2276 630 2340 quud
643 2276 733 2326 rideli-
768 2279 817 2323 est.
1167 2288 1169 2293 ·

200 2357 245 2400 eet
267 2365 300 2399 ea
318 2364 360 2399 res
378 2349 492 2400 feliciter
507 2352 620 2400 Romule
636 2350 734 2401 cessit!
802 2353 834 2398 ts
846 2349 906 2398 Cam
916 2346 1051 2411 deanalita]
1070 2344 1303 2415 Vetusteeddidit,

200 2424 285 2486 Idem,
304 2425 392 2488 ‘Rapi
404 2424 536 2474 etiamfax
549 2427 616 2475 solet
627 2426 654 2475 lu
668 2441 736 2490 nup·
771 2441 839 2475 mm:
856 2431 885 2474 ut
903 2430 931 2474 et
949 2422 1026 2487 iufra,
1052 2422 1199 2474 ‘Transfer
1216 2425 1304 2475 omine

200 2501 253 2560 tiis,
276 2513 327 2564 qua
354 2502 523 2563 praelucente,
552 2514 619 2550 nova
651 2509 734 2567 nupta
772 2517 830 2552 cum
841 2500 932 2550 bono?
950 2500 1067 2550 usitatius
1084 2502 1153 2551 enim
1171 2501 1228 2550 hec
1246 2502 1303 2552 siue

201 2575 314 2625 deducta
326 2581 367 2624 est
383 2575 418 2623 ab
433 2576 567 2639 utriusque
578 2576 680 2638 amicis,
700 2591 733 2627 ue
770 2576 1091 2641 prepositionedicuntur.
1109 2571 1203 2626 Hora't.
1215 2577 1304 2626 ‘Male

201 2659 246 2700 aut
259 2665 325 2700 uxor
335 2665 392 2699 eam
406 2651 455 2699 snb
464 2651 534 2700 lecto
549 2651 599 2700 viri
614 2665 646 2700 ea
655 2658 734 2702 nocte
771 2652 855 2701 solnta
866 2651 937 2700 navis
949 2651 1003 2700 exit
1013 2649 1093 2701 alite!
1115 2650 1199 2715 Idem,
1218 2653 1305 2702 ‘mala

201 2733 291 2790 ponat,
302 2733 348 2776 ant
358 2726 397 2774 vir
408 2726 435 2774 in
450 2727 570 2789 sepulcro
581 2726 735 2778 comburen·
773 2726 1010 2789 ducisavidomum,
1021 2727 1103 2778 Quam
1111 2726 1193 2776 multo
1201 2733 1306 2791 repetet

201 2801 260 2850 dam
279 2807 369 2850 curet:
389 2816 443 2866 qun
458 2806 570 2866 utroque
588 2815 656 2853 mors
674 2817 735 2867 pro·
772 2804 879 2856 Graecia
891 2802 990 2853 milite!
1009 2803 1096 2853 Tibul.
1116 2802 1306 2852 ‘Fulseritbic

200 2881 298 2944 pinqna
323 2880 429 2930 alterius
457 2880 541 2931 utrius
562 2881 663 2947 captari
687 2896 733 2947 pu·
772 2881 853 2930 niveis
865 2881 958 2930 Delius
969 2879 1093 2929 alitibus.’

202 2955 293 3006 tatur!
805 2957 874 3005 Bran
885 2971 936 3004 cam
947 2954 1017 3018 beau]
1046 2954 1304 3020 Hacfigura,quam

200 3068 209 3092 .
231 3035 285 3082 40
299 3032 431 3097 Hymenaee
448 3031 557 3096 Hymen]
587 3033 655 3083 Haec
674 3035 734 3084 cani
773 3030 1305 3094 CornificiusTraductiouemvncat,liuic

201 3109 330 3171 solebant,
347 3120 407 3157 cum
425 3106 452 3156 iu
476 3107 579 3157 domum
601 3108 650 3158 viri
665 3100 734 3158 nova
771 3106 895 3170 scripturi
910 3111 938 3155 et
949 3107 1045 3156 Plauto
1059 3104 1241 3168 perfamiliaris
1254 3113 1303 3156 est.

199 3192 284 3249 nupta
315 3184 496 3236 deduceretur.
543 3185 613 3236 Vide
642 3187 732 3238 Plaut.
771 3183 816 3232 Sic
826 3181 903 3240 iufra,
918 3182 998 3230 ‘Dux
1013 3182 1089 3231 boum
1104 3184 1224 3247 Veneris,
1242 3183 1304 3232 boni

200 3260 313 3319 Casina3
332 3259 449 3310 meminit
470 3264 499 3308 et
519 3261 630 3310 Terent.
652 3259 734 3310 Adel·
772 3258 932 3322 Coujugatur
951 3257 1062 3307 amoris!
1083 3257 1223 3322 multisque
1247 3258 1304 3308 aliis

199 3335 268 3398 ptris.
771 3331 797 3381 in
809 3333 858 3382 boc
868 3335 924 3396 ipso
936 3332 1072 3383 Poematis
1083 3334 1157 3384 locis.

233 3407 733 3474 uciagatempnrn]lledimitusfloribus
803 3414 834 3459 21
867 3411 971 3461 floridis
990 3409 1064 3473 celet]
1101 3411 1305 3474 Elegantissime

200 3485 273 3534 Deus
292 3486 389 3548 hic,'et
407 3484 494 3537 facem
515 3491 620 3549 gestans
643 3487 733 3549 pinge·
772 3487 966 3549 comparatione
995 3493 1106 3536 exornat
1131 3487 1305 3551 pulchritudi-

199 3560 287 3613 batur.
320 3561 410 3611 Bionis
429 3561 571 3625 Epitaphio
592 3558 733 3628 Adonidis,
771 3575 830 3610 uem
839 3560 1043 3624 Juliae,similem
1052 3562 1135 3624 ipsam
1145 3575 1203 3611 esse
1215 3561 1306 3611 diceus

195 3636 302 3694 Ἔσβεσε
316 3635 427 3699 λαμπάδα
440 3639 520 3687 πᾶσαν
530 3635 569 3687 lrl
581 3639 661 3701 φλιαῖς
668 3637 734 3699 ‘'rpe-
771 3641 857 3701 myrto
868 3636 989 3697 tenelle3
1005 3651 1082 3701 quam
1090 3636 1212 3700 paulatim
1218 3651 1306 3686 meur·

200 3712 331 3776 seinaim
346 3711 434 3776 στέφος
450 3712 591 3776 lembecca
607 3712 733 3774 γαμήλιον.
771 3711 1306 3775 genremnympbasummoatudtomtrrs
1350 3732 1353 3739 ·

232 3787 436 3850 tdnaneclmta'r]
456 3790 516 3838 Huc
527 3789 654 3839 vocabulo
671 3803 732 3838 usus
772 3793 826 3837 aut.
859 3787 894 3835 Et
912 3787 1091 3850 apparentiae
1108 3789 1307 3851 comparatione

200 3872 243 3915 est
261 3871 290 3915 et
312 3865 338 3914 in
355 3864 476 3914 Carmine
494 3864 539 3914 illc
557 3864 585 3915 iu
600 3865 734 3929 Priapum,
772 3861 882 3912 Pois'tam
898 3861 982 3924 ipsum
998 3861 1166 3925 delectatum,
1177 3871 1255 3928 qnam
1267 3863 1308 3913 irs·

198 3939 408 4004 ‘Pallentesque
429 3938 582 4002 cucurbita,
600 3945 627 3988 et
642 3954 734 3989 snare·
771 3935 813 3986 fra
823 3936 968 4000 repetierit,
974 3951 1033 3986 eum
1044 3937 1077 3985 de
1086 3936 1204 3987 Ariadna
1214 3940 1306 4004 loque·

200 4015 299 4066 olentia
319 4015 406 4069 mala?
456 4016 500 4065 Sia
519 4015 612 4078 virgil.
635 4014 733 4064 ‘suave
772 4019 853 4075 retur,
874 4012 991 4063 ‘Quales
1013 4014 1119 4063 Eurota
1143 4015 1307 4078 progignunt

201 4089 337 4142 rubentem
346 4090 527 4156 byacintbnm'
545 4092 587 4142 et‘
600 4105 678 4143 suave
694 4105 734 4141 ru·
771 4088 876 4140 flumina
902 4095 1011 4153 myrtos,
1038 4089 1142 4139 Aurave
1167 4089 1307 4140 distinctus

202 4164 308 4217 beatem
317 4169 455 4221 muricem?
466 4168 539 4220 dixit.
772 4164 861 4216 educit
868 4178 949 4214 verna
959 4164 1074 4219 colores!
1098 4155 1159 4216 lln'e
1171 4164 1259 4216 an'tem
1271 4180 1305 4217 ea
