2752 4694
390 311 918 369 snvnuunrseuuvscrnrusr.
985 275 993 287 ’
1134 298 1201 366 788

98 468 144 503 ore
166 461 194 504 et
215 453 326 506 usculis!
370 454 460 520 Atque
488 454 525 504 sic
548 454 627 504 etiem
666 454 795 515 tremulae,
805 459 834 503 nt
849 454 956 517 jamjam
975 467 1074 504 casurae
1092 453 1198 504 videau-

98 530 178 579 Sairn.
190 529 286 580 diserte
304 531 331 579 in
343 530 426 580 veteri
436 529 493 580 cod.
514 529 626 578 Emicust
667 534 719 591 tur,
729 534 757 577 et
767 529 928 579 nibilominus
944 537 1031 579 lamen
1042 528 1076 580 ob
1087 528 1198 593 figuram

97 607 208 669 lacryma
219 610 344 662 trementes
363 608 392 664 ds
406 607 492 655 caduco
510 606 627 668 poaderer
666 604 837 656 orbicularem
852 620 868 654 a
883 619 943 655 casss
961 605 1115 656 retinentur.
1149 604 1201 659 Alc

98 680 174 730 utsit
188 695 292 731 sensns:
314 680 450 743 Lacryrnee
470 679 546 742 roris,
565 693 628 742 pon·
666 694 717 744 que
728 680 894 744 iuejusrnodi
911 681 1086 731 maceratione
1106 686 1135 730 et
1152 680 1200 733 ltu·

97 754 162 803 dere
180 755 238 818 ipso
263 756 324 806 dum
351 755 458 819 cadunt,
485 761 628 805 trementes
665 756 826 807 mecletiunn
848 764 928 821 atque
948 755 1125 805 commistione
1145 754 1200 807 ele·

97 831 219 882 emicant.
252 831 306 882 Sed
317 847 366 895 epo
375 832 408 882 ad
417 832 572 896 scripturam
583 844 627 881 re·
665 835 811 880 mentorum
833 829 885 879 vim
908 829 1018 879 Veneris
1036 827 1197 892 potissimam

97 916 189 971 terem,
209 925 285 976 quam
313 911 384 975 Lips.
408 911 496 973 habet,
517 911 627 962 duanam
664 919 775 970 regnare
798 906 889 969 Eurip.
913 906 1197 958 demonstmtumiuits

93 987 206 1047 pondere,
224 1000 275 1036 non
296 987 378 1036 minus
395 1000 478 1049 prope
501 985 626 1036 accedere
659 981 738 1045 Ἔμγφ
756 980 782 1032 δὲ
800 980 865 1044 δείξω
880 981 909 1032 τὸ
927 981 1007 1032 σθένοι
1020 981 1052 1030 rb
1067 983 1112 1040 τῆς
1129 981 1198 1032 W

97 1059 250 1124 arbitrabar,
265 1062 287 1111 si
298 1075 387 1111 versus
399 1061 450 1111 iste
460 1060 626 1110 itaexarare·
662 1059 719 1124 Ἐρᾷ
734 1057 781 1119 μὶν,
796 1059 882 1122 ὄμβρον
897 1059 955 1119 γαῖ’·
973 1057 1030 1107 bras
1048 1057 1115 1120 ξηρὸν
1125 1055 1197 1107 enos

96 1140 149 1196 tur,
171 1137 205 1190 Et
226 1137 313 1185 micum
330 1137 441 1200 lacryma
457 1138 582 1184 trementes
597 1137 626 1185 de
658 1135 777 1199 'Aeapm
798 1136 890 1198 αὐχμῷ,
916 1133 1005 1187 umbus
1032 1135 1113 1186 trieris
1135 1133 1196 1196 ἔχει·

95 1225 201 1260 rasurum
209 1213 326 1274 poudm:
346 1210 373 1260 id
385 1217 434 1273 est,
445 1210 477 1259 de
494 1210 558 1258 rosis
569 1224 627 1272 pra·
662 1209 760 1277 ’bpqld'
781 1212 795 1259 d
816 1210 899 1270 σεμνὸς
921 1209 1017 1274 οὐρανὸς
1036 1209 1196 1276 πληρούμενος

95 1285 178 1335 ritate
189 1286 254 1334 ruris
273 1284 525 1351 conquinisceutibus
539 1292 568 1334 et
583 1298 626 1335 ca·
658 1285 853 1349 ὀμβροοπεοεῖν
862 1285 894 1336 eis
903 1288 984 1351 puicu,
992 1285 1129 1351 Ἀφροδίτης
1141 1285 1195 1339 bru·

96 1367 146 1423 pul
156 1360 348 1410 inclinantibus.
383 1356 627 1423 ItanamqueAnc·
657 1361 736 1412 ὀταν
758 1362 784 1413 δὲ
806 1365 967 1425 συμμιχθῆτον
983 1362 1014 1413 ets
1036 1361 1121 1412 rubrbr
1142 1361 1194 1424 dds,
1244 1418 1248 1422 ,

96 1434 276 1499 tnrldyll.nls
291 1435 406 1501 rb⁹licpt
421 1435 471 1486 ΟΠ
488 1434 581 1496 ἁπαλὴν
590 1455 626 1487 srs·
661 1438 770 1489 'rimoucs
784 1435 965 1500 μιντᾶηακαὶ
981 1435 1194 1501 lmptpovrdpa:

95 1510 175 1562 uteres
191 1511 312 1576 ἂεξιφύιοο
330 1512 413 1577 δρόσον
432 1513 496 1572 ἠοῦς,
514 1517 626 1575 Aemines
664 1515 798 1565 Eusebeia
808 1514 879 1566 robur
896 1516 949 1579 ipsu
958 1529 985 1565 re
993 1515 1064 1566 Dee.
1095 1513 1194 1565 Ausucit

93 1586 222 1650 γελόοσιν,
232 1587 386 1651 ἀνοιγομένοιο
396 1589 486 1652 ptum
503 1591 562 1640 dum
575 1605 626 1640 mr·
663 1590 761 1642 imbrem
780 1597 864 1649 terror
882 1607 936 1642 eum
952 1591 1041 1643 siecum
1058 1591 1136 1639 solum
1152 1594 1200 1650 est,

94 1664 199 1714 tatinum
212 1665 280 1714 curio
297 1666 443 1727 gemmantia
453 1666 518 1730 sture
525 1682 536 1724 ,·
548 1665 627 1716 Prutu
664 1667 720 1716 Non
730 1665 846 1726 estserae
856 1657 970 1730 squalore,
985 1667 1104 1729 poscitque
1119 1665 1197 1718 tuai-

95 1738 293 1790 bibustteuerum
306 1756 400 1802 rorem
419 1743 552 1807 eutycesquc
561 1750 626 1793 r'asa·
663 1743 735 1791 dua.-
753 1741 870 1806 Assutqae
885 1742 966 1796 cretum
981 1741 1088 1805 pluribus
1101 1741 1197 1803 pmcn

94 1816 365 1877 mammaeam
380 1819 489 1880 pandum
498 1809 627 1880 conamine,
663 1815 778 1866 imbribus
798 1817 993 1871 ObbamDeuus
1004 1817 1076 1867 terris
1086 1817 1204 1866 deorsum.

95 1889 191 1940 rident:
222 1891 300 1940 sicuti
320 1892 403 1942 vertit
424 1893 579 1943 Rittershus.
598 1893 626 1944 in
662 1893 751 1940 cedere.
789 1892 1100 1954 Ubiducmiseeatsrs'stu,
1113 1905 1197 1940 usum·

96 1962 203 2016 Antbul.
218 1965 296 2017 libr.
316 1966 415 2018 infine.
447 1968 498 2017 Vei
515 1969 627 2018 sancita
663 1966 966 2031 queflt,Nuscusturissde
982 1972 1076 2029 cumn,
1089 1981 1198 2029 quoesus

96 2055 199 2106 quoque
221 2057 273 2093 non
300 2044 367 2093 maie
392 2042 569 2096 scriberetur:
591 2045 627 2094 Et
663 2041 782 2104 nudae,
803 2042 841 2091 Ob
868 2059 921 2106 quea
942 2045 1004 2092 niret
1024 2042 1136 2104 uigetque
1159 2044 1196 2092 su

95 2116 302 2182 micantiuerymre
313 2122 439 2168 trementes
446 2118 628 2168 nitiumdeuut·
664 2118 808 2173 metalium.
828 2119 926 2168 citavit
945 2118 1027 2173 Arist.
1045 2118 1134 2168 Etbic.
1153 2118 1200 2171 lib.

94 2203 161 2240 nere.
193 2190 236 2241 Ab
255 2191 337 2242 oculis
356 2207 467 2258 namque
487 2193 579 2243 vitium
593 2193 628 2242 sd
664 2208 727 2244 um.
759 2193 857 2246 Athen.
878 2194 924 2245 lib.
942 2207 1006 2246 xrsr.
1031 2200 1060 2244 et
1078 2192 1200 2244 Stobssus

96 2279 168 2316 rosas
186 2266 322 2331 speciatim
341 2267 397 2332 jam
415 2268 539 2332 progredi
557 2268 628 2319 vide·
664 2270 692 2318 in
704 2269 784 2334 Pbye.

96 2347 149 2392 tur.
177 2343 235 2393 Nec
247 2342 324 2393 aliter
335 2343 360 2392 iu
371 2342 524 2409 Archetypo
534 2343 627 2409 virgil.
697 2349 730 2396 19
747 2346 778 2395 Iu
792 2343 1199 2409 pudoremflersdassleeprodierusst

96 2416 196 2482 Georg.
220 2431 253 2468 ιι.
280 2409 345 2469 ‘uec
373 2419 468 2468 metuit
495 2425 628 2482 surgentes
662 2422 787 2485 purpure]
805 2421 847 2470 lta
859 2420 930 2472 Pitb.
948 2421 1022 2470 ‘Nec
1037 2417 1200 2481 sbsrn,'ad·

95 2494 232 2558 pampinus
250 2500 361 2556 austros,
382 2493 436 2544 Aut
457 2500 544 2544 actum
560 2496 628 2546 eoelo
662 2497 732 2560 picit,
748 2497 913 2561 ‘suspicetur
924 2497 983 2561 quis
995 2504 1023 2547 et
1040 2496 1097 2547 baec
1108 2501 1136 2545 et
1146 2494 1200 2547 ulis

95 2571 195 2637 magnis
223 2570 395 2636 Aquilonibus
422 2571 549 2622 imbrem:
575 2570 627 2622 Sed
665 2572 783 2637 quiedam
793 2572 820 2621 iu
831 2571 880 2621 hoc
893 2571 1016 2621 Carmine
1024 2567 1142 2632 confuse,
1150 2581 1200 2621 neo

96 2646 320 2708 truditgemnras?
352 2646 440 2711 Atque
454 2646 627 2698 sicChristia·
665 2663 712 2699 sno
733 2648 791 2699 loco
809 2641 913 2713 posita!
947 2646 1078 2697 Scriverio
1092 2659 1200 2710 prorsus

95 2736 144 2773 uns
155 2721 240 2772 Podta
250 2723 387 2775 Fortunat.
408 2723 514 2788 Hymno
530 2724 627 2775 Pascb.
664 2725 733 2776 idem
745 2726 837 2788 visum,
858 2737 906 2773 nec
923 2738 1007 2787 pauca
1018 2722 1161 2773 desiderari
1170 2721 1198 2770 in

96 2812 148 2862 qno
159 2797 244 2848 multis
256 2799 324 2851 idem
335 2813 443 2850 vernum
463 2806 565 2863 ternpus
583 2799 627 2848 de·
664 2800 713 2850 boc
732 2800 866 2850 Po'e'mate.
900 2797 978 2848 Quod
1001 2798 1024 2846 si
1040 2811 1129 2846 rerum
1150 2802 1200 2858 est,

95 2872 191 2938 pinxit,
206 2874 312 2938 cecinit,
330 2873 462 2924 ‘caudice
474 2873 580 2922 desecto
590 2872 627 2920 ls·
665 2874 745 2923 liceat
756 2872 875 2936 quiedam
885 2872 961 2921 aliter
978 2883 1085 2934 ponere,
1096 2876 1123 2918 et
1135 2869 1199 2919 alias

95 2957 198 3012 crymat
220 2963 266 2999 sua
292 2947 387 3010 gaudia
414 2947 525 3010 palmes,
549 2945 627 2995 Unde
666 2948 742 2999 simul
750 2947 876 2998 lectiones
886 2959 1028 3010 exponere.
1057 2944 1199 3008 Numquid
1260 2981 1264 2984 -

94 3039 195 3074 merum
205 3023 313 3081 tribuat,
325 3023 370 3072 dat
380 3021 629 3086 undecimaque:
666 3028 768 3074 tentare
789 3021 912 3072 nocebit?
948 3021 1009 3070 Tum
1028 3019 1199 3076 curvaturae

94 3098 253 3163 suspicabar
265 3098 343 3149 ctiam
361 3082 443 3162 priris,
452 3099 526 3162 deque
541 3102 628 3151 tectura
665 3112 765 3162 superno
787 3111 908 3161 spumas
930 3095 998 3161 penti
1012 3093 1124 3157 globulus
1145 3094 1199 3155 uel,

90 3177 197 3240 pondere
210 3173 290 3222 Gutta
303 3187 408 3237 preceps
423 3171 479 3222 urbe
493 3186 627 3237 paradeus·
668 3175 727 3224 Tum
743 3175 822 3223 calore
838 3174 867 3222 de
883 3187 981 3237 erperae
998 3184 1117 3235 apameam
1129 3168 1200 3233 pesti

93 3253 155 3302 tinet
167 3263 235 3299 casus
243 3262 304 3298 suos.
337 3247 468 3300 Quasiros
477 3247 628 3314 matutinus,
664 3249 770 3312 guium,
782 3249 889 3297 cerutus
903 3250 967 3298 ister
977 3251 1093 3308 emmas,
1103 3246 1199 3297 interut

95 3324 299 3389 superveniente
307 3323 376 3386 Sole,
391 3322 424 3372 de
437 3322 514 3373 tectis
531 3324 627 3375 sensim
665 3326 759 3390 bipedes
769 3339 853 3388 equos,·
866 3325 936 3376 Fecit
944 3327 1071 3374 amntem
1080 3323 1159 3374 unse
1168 3323 1199 3373 dr

94 3400 186 3463 stillet,
208 3399 254 3462 ita,
281 3406 312 3449 nt
334 3399 451 3463 guttulae,
474 3401 579 3450 tametsi
599 3401 627 3450 in
665 3401 888 3453 maritisimdridue.
922 3405 1067 3465 Gratanter,
1081 3400 1199 3464 quinum·

94 3474 242 3539 precipitio
252 3475 358 3539 positus,
373 3475 400 3525 in
411 3477 564 3541 semetipsas
575 3478 627 3529 col·
665 3493 734 3542 quum
742 3478 848 3537 ossuum·
859 3477 943 3542 quique
953 3480 1052 3542 amauit,
1063 3493 1116 3529 erus
1126 3483 1198 3530 umet.

93 3551 181 3607 lectae,
201 3564 290 3599 casnm
309 3550 627 3614 quodummndcsnfflumi·
666 3553 742 3605 Facta
761 3553 849 3616 cypris
863 3554 893 3603 de
909 3567 1001 3617 cruore,
1021 3551 1199 3617 depraedareris

94 3631 167 3674 nent.
200 3623 252 3673 Sed
274 3629 371 3693 tamen,
389 3634 420 3677 nt
437 3627 505 3692 quod
522 3643 564 3679 res
575 3636 627 3692 est,
664 3626 755 3691 offitiis,
771 3627 856 3691 Deque
869 3625 1200 3689 gemmiqdequeflumauu,

93 3696 188 3761 fistals
200 3698 242 3748 rel
259 3698 301 3748 bic
311 3695 442 3764 posterior
453 3718 541 3755 versus
553 3705 626 3756 adse·
664 3704 737 3767 deque
748 3700 946 3767 Sulispurpuris3¹
958 3703 1015 3766 Ipsa
1020 3699 1135 3762 gemmeis
1138 3715 1198 3765 pur·

95 3773 131 3821 rit
148 3772 214 3824 iliud
235 3775 321 3825 cudueo
344 3777 386 3825 rei
404 3777 485 3828 ecdico
504 3779 531 3828 in
550 3783 627 3830 ve'rsu
662 3784 787 3843 parantem
800 3777 883 3842 pingit
898 3792 987 3828 cunum
998 3775 1116 3841 floribus:
1139 3775 1201 3838 [μοι

94 3849 191 3912 priore.
224 3849 256 3900 ld
268 3851 336 3903 euim
349 3851 452 3902 ridetur
461 3852 549 3904 dicere
560 3856 626 3906 Per·
664 3858 787 3916 surgentes
790 3852 891 3914 junilius
901 3855 930 3903 de
942 3850 1034 3903 Fundat
1044 3850 1132 3914 spiritu
1150 3849 1198 3898 Ur·

94 3931 229 3978 nectatur:
248 3925 335 3977 Quum
342 3926 432 3981 venus
443 3927 551 3978 imbrice
562 3929 627 3980 roris
662 3933 721 3989 gau
731 3928 758 3977 iss
768 3927 837 3990 focus
848 3931 964 3990 tepentes:
983 3926 1035 3990 ipsu
1051 3924 1113 3975 ruris
1122 3923 1201 3979 lucidi

93 3999 207 4051 lucentis
218 4001 332 4064 guttulas
347 4001 422 4065 longe
434 4002 540 4068 lateque
550 4017 627 4053 mane
665 4003 751 4053 Nortia
768 4017 829 4053 auro
847 4017 915 4066 quem
925 4002 1033 4064 reliquit,
1051 3999 1198 4064 spurgitdtt·

95 4075 238 4140 diffuderit,
254 4075 368 4125 emicant
387 4076 438 4126 illm
450 4078 483 4127 ad
495 4078 576 4128 instar
591 4079 626 4128 la·
664 4084 753 4135 mentes
768 4092 849 4141 aquus.
891 4077 1001 4126 Emicusrt
1023 4077 1128 4132 luerim
1148 4079 1200 4127 trs-

95 4152 279 4222 crymularunr,
290 4158 398 4216 urgente
410 4167 456 4204 sno
468 4154 625 4222 pondusculo
664 4159 753 4209 ruentes
762 4152 866 4208 decidiue
871 4153 989 4218 pondere:
1007 4151 1088 4207 Gutta
1093 4165 1200 4220 preceps
