<?xml version="1.0" encoding="UTF-8"?>
<!DOCTYPE html PUBLIC "-//W3C//DTD XHTML 1.0 Transitional//EN"
    "http://www.w3.org/TR/xhtml1/DTD/xhtml1-transitional.dtd">
<html xmlns="http://www.w3.org/1999/xhtml" xml:lang="en" lang="en">
 <head>
  <title>
</title>
<meta http-equiv="Content-Type" content="text/html;charset=utf-8" />
  <meta name='ocr-system' content='tesseract 3.04.00' />
  <meta name='ocr-capabilities' content='ocr_page ocr_carea ocr_par ocr_line ocrx_word'/>
</head>
<body>
  <div class='ocr_page' id='page_1' title='image "./cvaleriicatulli02catugoog_0362.png"; bbox 0 0 2752 4694; ppageno 0'>
   <div class='ocr_carea' id='block_1_1' title="bbox 374 320 1182 384">
    <p class='ocr_par' dir='ltr' id='par_1_1' title="bbox 374 320 1182 384">
     <span class='ocr_line' id='line_1_1' title="bbox 374 320 1182 384; baseline 0.006 -5"><span class='ocrx_word' id='word_1_1' title='bbox 374 331 425 379; x_wconf 76' lang='lat' dir='ltr'>sn</span> <span class='ocrx_word' id='word_1_2' title='bbox 451 329 614 380; x_wconf 77' lang='lat' dir='ltr'>vertaris</span> <span class='ocrx_word' id='word_1_3' title='bbox 638 329 904 380; x_wconf 81' lang='lat' dir='ltr'>runvrerurun.</span> <span class='ocrx_word' id='word_1_4' title='bbox 1121 320 1182 384; x_wconf 88' lang='grc'>781</span> 
     </span>
    </p>
   </div>
   <div class='ocr_carea' id='block_1_2' title="bbox 18 469 1234 2509">
    <p class='ocr_par' dir='ltr' id='par_1_2' title="bbox 18 469 1234 2509">
     <span class='ocr_line' id='line_1_2' title="bbox 87 469 1188 537; baseline 0.007 -19"><span class='ocrx_word' id='word_1_5' title='bbox 87 475 144 531; x_wconf 87' lang='lat' dir='ltr'>unt,</span> <span class='ocrx_word' id='word_1_6' title='bbox 165 469 191 518; x_wconf 88' lang='lat' dir='ltr'>id</span> <span class='ocrx_word' id='word_1_7' title='bbox 204 476 253 533; x_wconf 85' lang='lat' dir='ltr'>est,</span> <span class='ocrx_word' id='word_1_8' title='bbox 265 483 377 533; x_wconf 73' lang='lat' dir='ltr'>geruinus</span> <span class='ocrx_word' id='word_1_9' title='bbox 387 472 523 523; x_wconf 84' lang='lat' dir='ltr'>emittere:</span> <span class='ocrx_word' id='word_1_10' title='bbox 542 472 579 522; x_wconf 91' lang='lat' dir='ltr'>sic</span> <span class='ocrx_word' id='word_1_11' title='bbox 590 471 621 522; x_wconf 73' lang='lat' dir='ltr'>h·</span> <span class='ocrx_word' id='word_1_12' title='bbox 654 471 700 521; x_wconf 87' lang='lat' dir='ltr'>lib.</span> <span class='ocrx_word' id='word_1_13' title='bbox 720 484 784 522; x_wconf 82' lang='lat' dir='ltr'>vrit.</span> <span class='ocrx_word' id='word_1_14' title='bbox 802 472 893 537; x_wconf 78' lang='lat' dir='ltr'>Epigr.</span> <span class='ocrx_word' id='word_1_15' title='bbox 905 476 946 524; x_wconf 82' lang='lat' dir='ltr'>ut.</span> <span class='ocrx_word' id='word_1_16' title='bbox 961 473 1013 524; x_wconf 78' lang='lat' dir='ltr'>‘Et</span> <span class='ocrx_word' id='word_1_17' title='bbox 1028 475 1086 524; x_wconf 86' lang='lat' dir='ltr'>telis</span> <span class='ocrx_word' id='word_1_18' title='bbox 1099 480 1188 526; x_wconf 84' lang='lat' dir='ltr'>tumor</span> 
     </span>
     <span class='ocr_line' id='line_1_3' title="bbox 85 547 1187 615; baseline 0.005 -19"><span class='ocrx_word' id='word_1_19' title='bbox 85 547 167 596; x_wconf 87' lang='lat' dir='ltr'>Solini</span> <span class='ocrx_word' id='word_1_20' title='bbox 177 547 303 611; x_wconf 88' lang='lat' dir='ltr'>Polyhist.</span> <span class='ocrx_word' id='word_1_21' title='bbox 315 549 427 600; x_wconf 90' lang='lat' dir='ltr'>Pontico</span> <span class='ocrx_word' id='word_1_22' title='bbox 438 549 471 598; x_wconf 79' lang='lat' dir='ltr'>sd</span> <span class='ocrx_word' id='word_1_23' title='bbox 478 549 619 612; x_wconf 82' lang='lat' dir='ltr'>Venerem,</span> <span class='ocrx_word' id='word_1_24' title='bbox 654 547 753 597; x_wconf 76' lang='lat' dir='ltr'>excitet</span> <span class='ocrx_word' id='word_1_25' title='bbox 764 547 884 611; x_wconf 76' lang='lat' dir='ltr'>papilius,</span> <span class='ocrx_word' id='word_1_26' title='bbox 890 548 987 599; x_wconf 76' lang='lat' dir='ltr'>Quales</span> <span class='ocrx_word' id='word_1_27' title='bbox 992 550 1072 599; x_wconf 83' lang='lat' dir='ltr'>cruda</span> <span class='ocrx_word' id='word_1_28' title='bbox 1078 551 1134 601; x_wconf 84' lang='lat' dir='ltr'>viro</span> <span class='ocrx_word' id='word_1_29' title='bbox 1141 566 1187 615; x_wconf 84' lang='lat' dir='ltr'>pn·</span> 
     </span>
     <span class='ocr_line' id='line_1_4' title="bbox 87 622 1184 685; baseline 0.005 -14"><span class='ocrx_word' id='word_1_30' title='bbox 87 627 94 650; x_wconf 91' lang='lat'>‘</span> <span class='ocrx_word' id='word_1_31' title='bbox 105 623 166 672; x_wconf 87' lang='lat' dir='ltr'>Tibi</span> <span class='ocrx_word' id='word_1_32' title='bbox 184 624 294 685; x_wconf 84' lang='lat' dir='ltr'>primunr</span> <span class='ocrx_word' id='word_1_33' title='bbox 305 624 431 675; x_wconf 83' lang='lat' dir='ltr'>condidus</span> <span class='ocrx_word' id='word_1_34' title='bbox 441 625 523 675; x_wconf 79' lang='lat' dir='ltr'>iether</span> <span class='ocrx_word' id='word_1_35' title='bbox 534 623 618 674; x_wconf 85' lang='lat' dir='ltr'>Astri·</span> <span class='ocrx_word' id='word_1_36' title='bbox 654 623 705 672; x_wconf 87' lang='lat' dir='ltr'>ella</span> <span class='ocrx_word' id='word_1_37' title='bbox 715 622 820 674; x_wconf 67' lang='lat' dir='ltr'>servet!</span> <span class='ocrx_word' id='word_1_38' title='bbox 843 622 926 674; x_wconf 83' lang='lat' dir='ltr'>Scriv.</span> <span class='ocrx_word' id='word_1_39' title='bbox 938 631 1093 675; x_wconf 70' lang='lat' dir='ltr'>tamencum</span> <span class='ocrx_word' id='word_1_40' title='bbox 1105 627 1184 677; x_wconf 81' lang='lat' dir='ltr'>Salsu.</span> 
     </span>
     <span class='ocr_line' id='line_1_5' title="bbox 87 697 1186 765; baseline 0.005 -19"><span class='ocrx_word' id='word_1_41' title='bbox 87 697 617 764; x_wconf 77' lang='lat' dir='ltr'>gerenifeciemnitidogemmnritolym·</span> <span class='ocrx_word' id='word_1_42' title='bbox 654 698 707 747; x_wconf 84' lang='lat' dir='ltr'>Ms.</span> <span class='ocrx_word' id='word_1_43' title='bbox 728 698 804 762; x_wconf 84' lang='lat' dir='ltr'>hujus</span> <span class='ocrx_word' id='word_1_44' title='bbox 823 697 896 762; x_wconf 84' lang='lat' dir='ltr'>fulti,</span> <span class='ocrx_word' id='word_1_45' title='bbox 919 699 953 749; x_wconf 89' lang='lat' dir='ltr'>de</span> <span class='ocrx_word' id='word_1_46' title='bbox 969 701 1046 763; x_wconf 85' lang='lat' dir='ltr'>pleno</span> <span class='ocrx_word' id='word_1_47' title='bbox 1067 700 1120 765; x_wconf 74' lang='lat' dir='ltr'>legi</span> <span class='ocrx_word' id='word_1_48' title='bbox 1140 702 1186 753; x_wconf 86' lang='lat' dir='ltr'>de-</span> 
     </span>
     <span class='ocr_line' id='line_1_6' title="bbox 85 772 1188 842; baseline 0.003 -19"><span class='ocrx_word' id='word_1_49' title='bbox 85 773 137 836; x_wconf 69' lang='lat' dir='ltr'>po!</span> <span class='ocrx_word' id='word_1_50' title='bbox 148 772 527 838; x_wconf 79' lang='lat' dir='ltr'>AquoetDreeontiladlatunr</span> <span class='ocrx_word' id='word_1_51' title='bbox 534 773 619 837; x_wconf 81' lang='lat' dir='ltr'>pessi·</span> <span class='ocrx_word' id='word_1_52' title='bbox 653 774 859 838; x_wconf 78' lang='lat' dir='ltr'>prehenderunt,</span> <span class='ocrx_word' id='word_1_53' title='bbox 878 776 936 839; x_wconf 80' lang='lat' dir='ltr'>Ipso</span> <span class='ocrx_word' id='word_1_54' title='bbox 949 781 1073 838; x_wconf 77' lang='lat' dir='ltr'>surgentes</span> <span class='ocrx_word' id='word_1_55' title='bbox 1084 778 1188 842; x_wconf 79' lang='lat' dir='ltr'>papillae</span> 
     </span>
     <span class='ocr_line' id='line_1_7' title="bbox 85 849 1187 916; baseline 0.005 -19"><span class='ocrx_word' id='word_1_56' title='bbox 85 863 145 897; x_wconf 89' lang='lat' dir='ltr'>vurn</span> <span class='ocrx_word' id='word_1_57' title='bbox 152 857 202 911; x_wconf 87' lang='lat' dir='ltr'>est,</span> <span class='ocrx_word' id='word_1_58' title='bbox 211 851 352 914; x_wconf 69' lang='lat' dir='ltr'>‘peramato</span> <span class='ocrx_word' id='word_1_59' title='bbox 358 849 479 913; x_wconf 59' lang='lat' dir='ltr'>vertice?</span> <span class='ocrx_word' id='word_1_60' title='bbox 488 856 515 903; x_wconf 87' lang='lat' dir='ltr'>et</span> <span class='ocrx_word' id='word_1_61' title='bbox 525 850 617 901; x_wconf 80' lang='lat' dir='ltr'>Merti-</span> <span class='ocrx_word' id='word_1_62' title='bbox 652 852 681 900; x_wconf 83' lang='lat' dir='ltr'>de</span> <span class='ocrx_word' id='word_1_63' title='bbox 692 849 876 915; x_wconf 78' lang='lat' dir='ltr'>Faomlrpr&#39;rita</span> <span class='ocrx_word' id='word_1_64' title='bbox 887 852 965 913; x_wconf 75' lang='lat' dir='ltr'>Urget</span> <span class='ocrx_word' id='word_1_65' title='bbox 974 852 1001 901; x_wconf 86' lang='lat' dir='ltr'>isr</span> <span class='ocrx_word' id='word_1_66' title='bbox 1008 857 1075 902; x_wconf 77' lang='lat' dir='ltr'>sotor</span> <span class='ocrx_word' id='word_1_67' title='bbox 1083 859 1187 916; x_wconf 78' lang='lat' dir='ltr'>perator.</span> 
     </span>
     <span class='ocr_line' id='line_1_8' title="bbox 85 924 1190 992; baseline 0.005 -20"><span class='ocrx_word' id='word_1_68' title='bbox 85 924 274 988; x_wconf 79' lang='lat' dir='ltr'>alis‘gernmati</span> <span class='ocrx_word' id='word_1_69' title='bbox 280 927 411 977; x_wconf 86' lang='lat' dir='ltr'>caliceset</span> <span class='ocrx_word' id='word_1_70' title='bbox 417 925 525 986; x_wconf 86' lang='lat' dir='ltr'>aurum,’</span> <span class='ocrx_word' id='word_1_71' title='bbox 533 927 552 976; x_wconf 86' lang='lat'>1.</span> <span class='ocrx_word' id='word_1_72' title='bbox 558 939 617 977; x_wconf 77' lang='lat' dir='ltr'>xiv,</span> <span class='ocrx_word' id='word_1_73' title='bbox 654 926 731 980; x_wconf 82' lang='lat' dir='ltr'>Quod</span> <span class='ocrx_word' id='word_1_74' title='bbox 748 933 848 977; x_wconf 88' lang='lat' dir='ltr'>rectum</span> <span class='ocrx_word' id='word_1_75' title='bbox 858 942 961 992; x_wconf 79' lang='lat' dir='ltr'>quoqne</span> <span class='ocrx_word' id='word_1_76' title='bbox 975 928 1086 992; x_wconf 80' lang='lat' dir='ltr'>putebat</span> <span class='ocrx_word' id='word_1_77' title='bbox 1095 930 1190 979; x_wconf 73' lang='lat' dir='ltr'>Donsu</span> 
     </span>
     <span class='ocr_line' id='line_1_9' title="bbox 85 1000 1187 1070; baseline 0.008 -23"><span class='ocrx_word' id='word_1_78' title='bbox 85 1000 176 1063; x_wconf 76' lang='lat' dir='ltr'>Epigr.</span> <span class='ocrx_word' id='word_1_79' title='bbox 192 1005 247 1052; x_wconf 81' lang='grc'><strong>109.</strong></span> <span class='ocrx_word' id='word_1_80' title='bbox 266 1009 296 1052; x_wconf 80' lang='grc' dir='ltr'>ιιι</span> <span class='ocrx_word' id='word_1_81' title='bbox 312 1008 340 1052; x_wconf 86' lang='lat' dir='ltr'>et</span> <span class='ocrx_word' id='word_1_82' title='bbox 350 1001 464 1066; x_wconf 86' lang='lat' dir='ltr'>Papinii,</span> <span class='ocrx_word' id='word_1_83' title='bbox 482 1001 554 1052; x_wconf 85' lang='lat' dir='ltr'>‘Hic</span> <span class='ocrx_word' id='word_1_84' title='bbox 570 1001 616 1052; x_wconf 82' lang='lat' dir='ltr'>ubl</span> <span class='ocrx_word' id='word_1_85' title='bbox 654 1007 683 1056; x_wconf 82' lang='lat' dir='ltr'>F.</span> <span class='ocrx_word' id='word_1_86' title='bbox 695 1006 721 1054; x_wconf 91' lang='lat' dir='ltr'>ia</span> <span class='ocrx_word' id='word_1_87' title='bbox 730 1004 781 1055; x_wconf 86' lang='lat' dir='ltr'>fine</span> <span class='ocrx_word' id='word_1_88' title='bbox 791 1006 885 1057; x_wconf 86' lang='lat' dir='ltr'>Notnr.</span> <span class='ocrx_word' id='word_1_89' title='bbox 894 1005 921 1055; x_wconf 94' lang='lat' dir='ltr'>lu</span> <span class='ocrx_word' id='word_1_90' title='bbox 931 1005 1057 1056; x_wconf 71' lang='lat' dir='ltr'>Cat&#39;lilu</span> <span class='ocrx_word' id='word_1_91' title='bbox 1067 1013 1094 1056; x_wconf 94' lang='lat' dir='ltr'>et</span> <span class='ocrx_word' id='word_1_92' title='bbox 1103 1007 1187 1070; x_wconf 89' lang='lat' dir='ltr'>Prop.</span> 
     </span>
     <span class='ocr_line' id='line_1_10' title="bbox 84 1075 1212 1146; baseline 0.007 -21"><span class='ocrx_word' id='word_1_93' title='bbox 84 1075 185 1126; x_wconf 87' lang='lat' dir='ltr'>sidereo</span> <span class='ocrx_word' id='word_1_94' title='bbox 197 1078 278 1127; x_wconf 90' lang='lat' dir='ltr'>moles</span> <span class='ocrx_word' id='word_1_95' title='bbox 288 1085 419 1141; x_wconf 70' lang='lat' dir='ltr'>gemmata</span> <span class='ocrx_word' id='word_1_96' title='bbox 427 1076 547 1127; x_wconf 87' lang='lat' dir='ltr'>colosso.&#39;</span> <span class='ocrx_word' id='word_1_97' title='bbox 559 1077 618 1127; x_wconf 88' lang='lat' dir='ltr'>Sic·</span> <span class='ocrx_word' id='word_1_98' title='bbox 653 1080 691 1131; x_wconf 81' lang='lat' dir='ltr'>At</span> <span class='ocrx_word' id='word_1_99' title='bbox 712 1093 774 1131; x_wconf 79' lang='lat' dir='ltr'>vero</span> <span class='ocrx_word' id='word_1_100' title='bbox 795 1082 851 1145; x_wconf 83' lang='lat' dir='ltr'>ejus</span> <span class='ocrx_word' id='word_1_101' title='bbox 877 1081 1061 1146; x_wconf 69' lang='lat' dir='ltr'>interpretatio</span> <span class='ocrx_word' id='word_1_102' title='bbox 1084 1081 1212 1146; x_wconf 80' lang='lat' dir='ltr'>jndicio·</span> 
     </span>
     <span class='ocr_line' id='line_1_11' title="bbox 85 1149 1190 1220; baseline 0.004 -18"><span class='ocrx_word' id='word_1_103' title='bbox 85 1154 124 1202; x_wconf 90' lang='lat' dir='ltr'>uti</span> <span class='ocrx_word' id='word_1_104' title='bbox 141 1149 319 1218; x_wconf 86' lang='lat' dir='ltr'>‘purpurare’</span> <span class='ocrx_word' id='word_1_105' title='bbox 330 1153 372 1202; x_wconf 83' lang='lat' dir='ltr'>lric</span> <span class='ocrx_word' id='word_1_106' title='bbox 384 1152 487 1217; x_wconf 82' lang='lat' dir='ltr'>quidem</span> <span class='ocrx_word' id='word_1_107' title='bbox 496 1166 616 1203; x_wconf 87' lang='lat' dir='ltr'>cenneu·</span> <span class='ocrx_word' id='word_1_108' title='bbox 652 1156 734 1206; x_wconf 82' lang='lat' dir='ltr'>Serir.</span> <span class='ocrx_word' id='word_1_109' title='bbox 750 1155 853 1219; x_wconf 83' lang='lat' dir='ltr'>frivola,</span> <span class='ocrx_word' id='word_1_110' title='bbox 868 1171 927 1207; x_wconf 90' lang='lat' dir='ltr'>cum</span> <span class='ocrx_word' id='word_1_111' title='bbox 942 1162 1067 1218; x_wconf 78' lang='lat' dir='ltr'>surgentes</span> <span class='ocrx_word' id='word_1_112' title='bbox 1084 1158 1190 1220; x_wconf 79' lang='lat' dir='ltr'>pupillus</span> 
     </span>
     <span class='ocr_line' id='line_1_12' title="bbox 84 1229 1187 1295; baseline 0.001 -15"><span class='ocrx_word' id='word_1_113' title='bbox 84 1238 152 1280; x_wconf 89' lang='lat' dir='ltr'>trum</span> <span class='ocrx_word' id='word_1_114' title='bbox 164 1231 283 1292; x_wconf 79' lang='lat' dir='ltr'>sumitur,</span> <span class='ocrx_word' id='word_1_115' title='bbox 300 1232 397 1280; x_wconf 83' lang='lat' dir='ltr'>‘eunus</span> <span class='ocrx_word' id='word_1_116' title='bbox 408 1229 570 1295; x_wconf 83' lang='lat' dir='ltr'>purpurans,&#39;</span> <span class='ocrx_word' id='word_1_117' title='bbox 589 1229 617 1279; x_wconf 88' lang='lat' dir='ltr'>id</span> <span class='ocrx_word' id='word_1_118' title='bbox 652 1232 873 1295; x_wconf 77' lang='lat' dir='ltr'>interpretaretur</span> <span class='ocrx_word' id='word_1_119' title='bbox 895 1233 1091 1281; x_wconf 84' lang='lat' dir='ltr'>‘tumescentes</span> <span class='ocrx_word' id='word_1_120' title='bbox 1102 1246 1134 1281; x_wconf 88' lang='lat' dir='ltr'>ec</span> <span class='ocrx_word' id='word_1_121' title='bbox 1145 1245 1187 1281; x_wconf 90' lang='lat' dir='ltr'>so·</span> 
     </span>
     <span class='ocr_line' id='line_1_13' title="bbox 83 1305 1187 1372; baseline -0.003 -14"><span class='ocrx_word' id='word_1_122' title='bbox 83 1316 133 1371; x_wconf 88' lang='lat' dir='ltr'>est,</span> <span class='ocrx_word' id='word_1_123' title='bbox 151 1309 206 1357; x_wconf 88' lang='lat' dir='ltr'>Ver</span> <span class='ocrx_word' id='word_1_124' title='bbox 217 1322 394 1372; x_wconf 70' lang='lat' dir='ltr'>purpureum</span> <span class='ocrx_word' id='word_1_125' title='bbox 424 1307 537 1371; x_wconf 80' lang='lat' dir='ltr'>Apuleio</span> <span class='ocrx_word' id='word_1_126' title='bbox 553 1319 617 1357; x_wconf 83' lang='lat' dir='ltr'>vero</span> <span class='ocrx_word' id='word_1_127' title='bbox 653 1307 790 1368; x_wconf 85' lang='lat' dir='ltr'>rorinntes,</span> <span class='ocrx_word' id='word_1_128' title='bbox 801 1311 830 1355; x_wconf 89' lang='lat' dir='ltr'>et</span> <span class='ocrx_word' id='word_1_129' title='bbox 843 1305 926 1356; x_wconf 81' lang='lat' dir='ltr'>veluti</span> <span class='ocrx_word' id='word_1_130' title='bbox 942 1306 1058 1370; x_wconf 87' lang='lat' dir='ltr'>strophio</span> <span class='ocrx_word' id='word_1_131' title='bbox 1067 1306 1187 1356; x_wconf 89' lang='lat' dir='ltr'>obniten-</span> 
     </span>
     <span class='ocr_line' id='line_1_14' title="bbox 82 1381 1188 1448; baseline 0 -16"><span class='ocrx_word' id='word_1_132' title='bbox 82 1383 130 1433; x_wconf 85' lang='lat' dir='ltr'>tib.</span> <span class='ocrx_word' id='word_1_133' title='bbox 140 1396 178 1432; x_wconf 89' lang='lat' dir='ltr'>vr.</span> <span class='ocrx_word' id='word_1_134' title='bbox 189 1383 270 1432; x_wconf 87' lang='lat' dir='ltr'>veluti</span> <span class='ocrx_word' id='word_1_135' title='bbox 279 1383 392 1433; x_wconf 81' lang='lat' dir='ltr'>activum</span> <span class='ocrx_word' id='word_1_136' title='bbox 401 1391 616 1446; x_wconf 84' lang='lat' dir='ltr'>usurpatur,cunr</span> <span class='ocrx_word' id='word_1_137' title='bbox 654 1391 704 1444; x_wconf 87' lang='lat' dir='ltr'>tes,</span> <span class='ocrx_word' id='word_1_138' title='bbox 712 1389 789 1448; x_wconf 83' lang='lat' dir='ltr'>etque</span> <span class='ocrx_word' id='word_1_139' title='bbox 798 1382 876 1448; x_wconf 82' lang='lat' dir='ltr'>(voce</span> <span class='ocrx_word' id='word_1_140' title='bbox 884 1381 1044 1447; x_wconf 69' lang='lat' dir='ltr'>Catulliana)</span> <span class='ocrx_word' id='word_1_141' title='bbox 1050 1383 1188 1445; x_wconf 72' lang='lat' dir='ltr'>luctante«,</span> 
     </span>
     <span class='ocr_line' id='line_1_15' title="bbox 82 1456 1190 1524; baseline 0.001 -16"><span class='ocrx_word' id='word_1_142' title='bbox 82 1459 166 1508; x_wconf 83' lang='lat' dir='ltr'>Horae</span> <span class='ocrx_word' id='word_1_143' title='bbox 183 1458 270 1507; x_wconf 84' lang='lat' dir='ltr'>omnia</span> <span class='ocrx_word' id='word_1_144' title='bbox 288 1456 394 1508; x_wconf 86' lang='lat' dir='ltr'>floribus</span> <span class='ocrx_word' id='word_1_145' title='bbox 414 1473 559 1523; x_wconf 74' lang='lat' dir='ltr'>purpurare</span> <span class='ocrx_word' id='word_1_146' title='bbox 579 1458 617 1508; x_wconf 89' lang='lat' dir='ltr'>di·</span> <span class='ocrx_word' id='word_1_147' title='bbox 653 1473 769 1524; x_wconf 77' lang='lat' dir='ltr'>quasque</span> <span class='ocrx_word' id='word_1_148' title='bbox 785 1458 930 1509; x_wconf 83' lang='lat' dir='ltr'>horridulus</span> <span class='ocrx_word' id='word_1_149' title='bbox 948 1459 1036 1509; x_wconf 86' lang='lat' dir='ltr'>Plaut.</span> <span class='ocrx_word' id='word_1_150' title='bbox 1054 1458 1190 1509; x_wconf 79' lang='lat' dir='ltr'>Pseudolo</span> 
     </span>
     <span class='ocr_line' id='line_1_16' title="bbox 82 1534 1187 1600; baseline 0.002 -18"><span class='ocrx_word' id='word_1_151' title='bbox 82 1539 187 1582; x_wconf 88' lang='lat' dir='ltr'>cuntur.</span> <span class='ocrx_word' id='word_1_152' title='bbox 213 1534 249 1583; x_wconf 86' lang='lat' dir='ltr'>Et</span> <span class='ocrx_word' id='word_1_153' title='bbox 257 1534 326 1597; x_wconf 82' lang='lat' dir='ltr'>epud</span> <span class='ocrx_word' id='word_1_154' title='bbox 336 1534 457 1584; x_wconf 86' lang='lat' dir='ltr'>eumdem</span> <span class='ocrx_word' id='word_1_155' title='bbox 468 1534 541 1585; x_wconf 80' lang='lat' dir='ltr'>Asin.</span> <span class='ocrx_word' id='word_1_156' title='bbox 553 1534 616 1585; x_wconf 77' lang='lat' dir='ltr'>Aur.</span> <span class='ocrx_word' id='word_1_157' title='bbox 654 1534 790 1598; x_wconf 74' lang='lat' dir='ltr'>rucemet,’</span> <span class='ocrx_word' id='word_1_158' title='bbox 807 1535 834 1584; x_wconf 84' lang='lat' dir='ltr'>id</span> <span class='ocrx_word' id='word_1_159' title='bbox 845 1541 897 1597; x_wconf 81' lang='lat' dir='ltr'>eet,</span> <span class='ocrx_word' id='word_1_160' title='bbox 907 1535 1085 1600; x_wconf 84' lang='lat' dir='ltr'>prominentes</span> <span class='ocrx_word' id='word_1_161' title='bbox 1102 1540 1131 1584; x_wconf 88' lang='lat' dir='ltr'>et</span> <span class='ocrx_word' id='word_1_162' title='bbox 1142 1548 1187 1583; x_wconf 82' lang='lat' dir='ltr'>ex·</span> 
     </span>
     <span class='ocr_line' id='line_1_17' title="bbox 82 1608 1186 1673; baseline 0.001 -17"><span class='ocrx_word' id='word_1_163' title='bbox 82 1608 128 1657; x_wconf 88' lang='lat' dir='ltr'>lib.</span> <span class='ocrx_word' id='word_1_164' title='bbox 142 1621 170 1658; x_wconf 87' lang='lat' dir='ltr'>x.</span> <span class='ocrx_word' id='word_1_165' title='bbox 187 1609 324 1672; x_wconf 75' lang='lat' dir='ltr'>insigniter</span> <span class='ocrx_word' id='word_1_166' title='bbox 342 1624 457 1673; x_wconf 74' lang='lat' dir='ltr'>presens</span> <span class='ocrx_word' id='word_1_167' title='bbox 475 1610 616 1661; x_wconf 81' lang='lat' dir='ltr'>versiculos</span> <span class='ocrx_word' id='word_1_168' title='bbox 653 1610 998 1672; x_wconf 78' lang='lat' dir='ltr'>stantes,ut&#39;i&#39;aubmeunus</span> <span class='ocrx_word' id='word_1_169' title='bbox 1009 1609 1042 1657; x_wconf 88' lang='lat' dir='ltr'>ad</span> <span class='ocrx_word' id='word_1_170' title='bbox 1053 1609 1186 1659; x_wconf 84' lang='lat' dir='ltr'>Moretnnr</span> 
     </span>
     <span class='ocr_line' id='line_1_18' title="bbox 82 1683 1192 1752; baseline 0.001 -19"><span class='ocrx_word' id='word_1_171' title='bbox 82 1685 237 1747; x_wconf 88' lang='lat' dir='ltr'>illustratur,</span> <span class='ocrx_word' id='word_1_172' title='bbox 252 1700 310 1735; x_wconf 88' lang='lat' dir='ltr'>eum</span> <span class='ocrx_word' id='word_1_173' title='bbox 321 1685 368 1748; x_wconf 85' lang='lat' dir='ltr'>ait,</span> <span class='ocrx_word' id='word_1_174' title='bbox 379 1687 448 1751; x_wconf 84' lang='lat' dir='ltr'>quod</span> <span class='ocrx_word' id='word_1_175' title='bbox 457 1688 546 1737; x_wconf 85' lang='lat' dir='ltr'>Veriu</span> <span class='ocrx_word' id='word_1_176' title='bbox 558 1688 615 1752; x_wconf 86' lang='lat' dir='ltr'>ipso</span> <span class='ocrx_word' id='word_1_177' title='bbox 653 1684 759 1748; x_wconf 87' lang='lat' dir='ltr'>scripsit</span> <span class='ocrx_word' id='word_1_178' title='bbox 772 1691 800 1734; x_wconf 85' lang='lat' dir='ltr'>et</span> <span class='ocrx_word' id='word_1_179' title='bbox 808 1684 908 1734; x_wconf 76' lang='lat' dir='ltr'>Douaae</span> <span class='ocrx_word' id='word_1_180' title='bbox 920 1683 1085 1747; x_wconf 84' lang='lat' dir='ltr'>subscripsit.</span> <span class='ocrx_word' id='word_1_181' title='bbox 1119 1685 1192 1736; x_wconf 66' lang='lat' dir='ltr'>Quo·</span> 
     </span>
     <span class='ocr_line' id='line_1_19' title="bbox 82 1753 1189 1825; baseline 0 -17"><span class='ocrx_word' id='word_1_182' title='bbox 82 1760 202 1823; x_wconf 86' lang='lat' dir='ltr'>ortujnm</span> <span class='ocrx_word' id='word_1_183' title='bbox 214 1761 350 1824; x_wconf 81' lang='lat' dir='ltr'>gemmulis</span> <span class='ocrx_word' id='word_1_184' title='bbox 357 1753 456 1813; x_wconf 76' lang='lat' dir='ltr'>norton</span> <span class='ocrx_word' id='word_1_185' title='bbox 466 1771 561 1813; x_wconf 79' lang='lat' dir='ltr'>cuncta</span> <span class='ocrx_word' id='word_1_186' title='bbox 569 1763 615 1813; x_wconf 87' lang='lat' dir='ltr'>de·</span> <span class='ocrx_word' id='word_1_187' title='bbox 652 1760 716 1825; x_wconf 80' lang='lat' dir='ltr'>ipsae</span> <span class='ocrx_word' id='word_1_188' title='bbox 726 1768 812 1810; x_wconf 80' lang='lat' dir='ltr'>temen</span> <span class='ocrx_word' id='word_1_189' title='bbox 824 1761 979 1824; x_wconf 80' lang='lat' dir='ltr'>papillarum</span> <span class='ocrx_word' id='word_1_190' title='bbox 989 1759 1189 1824; x_wconf 84' lang='lat' dir='ltr'>oppressiuncn·</span> 
     </span>
     <span class='ocr_line' id='line_1_20' title="bbox 82 1835 1187 1901; baseline 0.003 -18"><span class='ocrx_word' id='word_1_191' title='bbox 82 1836 214 1898; x_wconf 83' lang='lat' dir='ltr'>pingeret,</span> <span class='ocrx_word' id='word_1_192' title='bbox 222 1835 311 1899; x_wconf 82' lang='lat' dir='ltr'>etjam</span> <span class='ocrx_word' id='word_1_193' title='bbox 320 1851 451 1900; x_wconf 90' lang='lat' dir='ltr'>purpureo</span> <span class='ocrx_word' id='word_1_194' title='bbox 459 1837 545 1888; x_wconf 89' lang='lat' dir='ltr'>nitore</span> <span class='ocrx_word' id='word_1_195' title='bbox 554 1852 614 1901; x_wconf 88' lang='lat' dir='ltr'>pra·</span> <span class='ocrx_word' id='word_1_196' title='bbox 652 1838 686 1887; x_wconf 82' lang='lat' dir='ltr'>les</span> <span class='ocrx_word' id='word_1_197' title='bbox 693 1837 777 1888; x_wconf 77' lang='lat' dir='ltr'>Scrir.</span> <span class='ocrx_word' id='word_1_198' title='bbox 792 1837 856 1887; x_wconf 82' lang='lat' dir='ltr'>visre</span> <span class='ocrx_word' id='word_1_199' title='bbox 867 1851 930 1887; x_wconf 85' lang='lat' dir='ltr'>rere</span> <span class='ocrx_word' id='word_1_200' title='bbox 943 1836 1094 1887; x_wconf 68' lang='lat' dir='ltr'>horridula.</span> <span class='ocrx_word' id='word_1_201' title='bbox 1128 1836 1187 1887; x_wconf 78' lang='lat' dir='ltr'>Nee</span> 
     </span>
     <span class='ocr_line' id='line_1_21' title="bbox 84 1914 1187 1982; baseline 0 -20"><span class='ocrx_word' id='word_1_202' title='bbox 84 1914 239 1964; x_wconf 77' lang='lat' dir='ltr'>revestiret.</span> <span class='ocrx_word' id='word_1_203' title='bbox 273 1915 356 1968; x_wconf 73' lang='lat' dir='ltr'>Quasi</span> <span class='ocrx_word' id='word_1_204' title='bbox 377 1916 432 1965; x_wconf 90' lang='lat' dir='ltr'>Ver</span> <span class='ocrx_word' id='word_1_205' title='bbox 453 1915 541 1980; x_wconf 88' lang='lat' dir='ltr'>pictor</span> <span class='ocrx_word' id='word_1_206' title='bbox 558 1915 613 1982; x_wconf 86' lang='lat' dir='ltr'>qni·</span> <span class='ocrx_word' id='word_1_207' title='bbox 652 1915 720 1964; x_wconf 87' lang='lat' dir='ltr'>enim</span> <span class='ocrx_word' id='word_1_208' title='bbox 740 1915 797 1964; x_wconf 84' lang='lat' dir='ltr'>vult</span> <span class='ocrx_word' id='word_1_209' title='bbox 812 1920 913 1975; x_wconf 81' lang='lat' dir='ltr'>unctor,</span> <span class='ocrx_word' id='word_1_210' title='bbox 934 1915 1029 1979; x_wconf 86' lang='lat' dir='ltr'>iuquit,</span> <span class='ocrx_word' id='word_1_211' title='bbox 1048 1919 1187 1978; x_wconf 70' lang='lat' dir='ltr'>surgentes</span> 
     </span>
     <span class='ocr_line' id='line_1_22' title="bbox 83 1988 1187 2058; baseline 0 -21"><span class='ocrx_word' id='word_1_212' title='bbox 83 1991 143 2041; x_wconf 82' lang='lat' dir='ltr'>dem</span> <span class='ocrx_word' id='word_1_213' title='bbox 155 1993 242 2042; x_wconf 82' lang='lat' dir='ltr'>muudi</span> <span class='ocrx_word' id='word_1_214' title='bbox 254 2001 334 2057; x_wconf 65' lang='lat' dir='ltr'>esser,</span> <span class='ocrx_word' id='word_1_215' title='bbox 345 1994 390 2058; x_wconf 82' lang='lat' dir='ltr'>qui</span> <span class='ocrx_word' id='word_1_216' title='bbox 405 1994 615 2045; x_wconf 65' lang='lat' dir='ltr'>colommvarie.</span> <span class='ocrx_word' id='word_1_217' title='bbox 652 1988 764 2053; x_wconf 75' lang='lat' dir='ltr'>pupillus</span> <span class='ocrx_word' id='word_1_218' title='bbox 775 1988 928 2039; x_wconf 82' lang='lat' dir='ltr'>deFeronii</span> <span class='ocrx_word' id='word_1_219' title='bbox 945 1990 1037 2053; x_wconf 90' lang='lat' dir='ltr'>spiritu</span> <span class='ocrx_word' id='word_1_220' title='bbox 1055 1991 1187 2038; x_wconf 84' lang='lat' dir='ltr'>Venerem</span> 
     </span>
     <span class='ocr_line' id='line_1_23' title="bbox 83 2063 1185 2132; baseline -0.004 -16"><span class='ocrx_word' id='word_1_221' title='bbox 83 2073 139 2116; x_wconf 88' lang='lat' dir='ltr'>tate</span> <span class='ocrx_word' id='word_1_222' title='bbox 151 2068 289 2132; x_wconf 79' lang='lat' dir='ltr'>multijuga</span> <span class='ocrx_word' id='word_1_223' title='bbox 301 2084 374 2119; x_wconf 84' lang='lat' dir='ltr'>suana</span> <span class='ocrx_word' id='word_1_224' title='bbox 392 2069 507 2119; x_wconf 82' lang='lat' dir='ltr'>retieret</span> <span class='ocrx_word' id='word_1_225' title='bbox 524 2068 614 2118; x_wconf 82' lang='lat' dir='ltr'>‹listin-</span> <span class='ocrx_word' id='word_1_226' title='bbox 652 2063 845 2127; x_wconf 67' lang='lat' dir='ltr'>compromisso,</span> <span class='ocrx_word' id='word_1_227' title='bbox 865 2070 894 2114; x_wconf 90' lang='lat' dir='ltr'>et</span> <span class='ocrx_word' id='word_1_228' title='bbox 907 2065 1065 2114; x_wconf 70' lang='lat' dir='ltr'>sororiantes</span> <span class='ocrx_word' id='word_1_229' title='bbox 1078 2064 1185 2113; x_wconf 71' lang='lat' dir='ltr'>coie&#39;rcu·</span> 
     </span>
     <span class='ocr_line' id='line_1_24' title="bbox 82 2137 1234 2210; baseline -0.003 -20"><span class='ocrx_word' id='word_1_230' title='bbox 82 2148 226 2207; x_wconf 80' lang='lat' dir='ltr'>gneretque</span> <span class='ocrx_word' id='word_1_231' title='bbox 239 2144 467 2207; x_wconf 78' lang='lat' dir='ltr'>tabellam3prout</span> <span class='ocrx_word' id='word_1_232' title='bbox 478 2148 520 2193; x_wconf 88' lang='lat' dir='ltr'>est</span> <span class='ocrx_word' id='word_1_233' title='bbox 529 2151 615 2206; x_wconf 73' lang='lat' dir='ltr'>eoram·</span> <span class='ocrx_word' id='word_1_234' title='bbox 651 2140 703 2189; x_wconf 89' lang='lat' dir='ltr'>isse</span> <span class='ocrx_word' id='word_1_235' title='bbox 714 2139 838 2210; x_wconf 83' lang='lat' dir='ltr'>strophiis</span> <span class='ocrx_word' id='word_1_236' title='bbox 847 2145 893 2189; x_wconf 78' lang='lat' dir='ltr'>ent</span> <span class='ocrx_word' id='word_1_237' title='bbox 906 2139 987 2189; x_wconf 86' lang='lat' dir='ltr'>sonis.</span> <span class='ocrx_word' id='word_1_238' title='bbox 1013 2140 1104 2202; x_wconf 75' lang='lat' dir='ltr'>Longe</span> <span class='ocrx_word' id='word_1_239' title='bbox 1115 2137 1188 2187; x_wconf 82' lang='lat' dir='ltr'>aliud</span> <span class='ocrx_word' id='word_1_240' title='bbox 1230 2186 1234 2195; x_wconf 82' lang='grc'><em>,</em></span> 
     </span>
     <span class='ocr_line' id='line_1_25' title="bbox 82 2213 1188 2281; baseline -0.002 -17"><span class='ocrx_word' id='word_1_241' title='bbox 82 2214 181 2276; x_wconf 71' lang='grc' dir='ltr'><strong><em>ἄνθεμον</em></strong></span> <span class='ocrx_word' id='word_1_242' title='bbox 200 2214 242 2281; x_wconf 78' lang='lat' dir='ltr'>lup</span> <span class='ocrx_word' id='word_1_243' title='bbox 263 2217 343 2268; x_wconf 86' lang='lat' dir='ltr'>Pind.</span> <span class='ocrx_word' id='word_1_244' title='bbox 358 2219 430 2268; x_wconf 86' lang='lat' dir='ltr'>Pith.</span> <span class='ocrx_word' id='word_1_245' title='bbox 451 2219 552 2268; x_wconf 89' lang='lat' dir='ltr'>Colum.</span> <span class='ocrx_word' id='word_1_246' title='bbox 567 2219 615 2269; x_wconf 89' lang='lat' dir='ltr'>lib.</span> <span class='ocrx_word' id='word_1_247' title='bbox 652 2222 703 2277; x_wconf 83' lang='lat' dir='ltr'>est,</span> <span class='ocrx_word' id='word_1_248' title='bbox 714 2215 784 2279; x_wconf 87' lang='lat' dir='ltr'>qnod</span> <span class='ocrx_word' id='word_1_249' title='bbox 801 2214 843 2264; x_wconf 88' lang='lat' dir='ltr'>iric</span> <span class='ocrx_word' id='word_1_250' title='bbox 862 2215 929 2264; x_wconf 83' lang='lat' dir='ltr'>lutet</span> <span class='ocrx_word' id='word_1_251' title='bbox 939 2220 955 2264; x_wconf 72' lang='lat' dir='ltr'>r*</span> <span class='ocrx_word' id='word_1_252' title='bbox 966 2214 1057 2263; x_wconf 87' lang='lat' dir='ltr'>melius</span> <span class='ocrx_word' id='word_1_253' title='bbox 1068 2228 1111 2262; x_wconf 86' lang='lat' dir='ltr'>me</span> <span class='ocrx_word' id='word_1_254' title='bbox 1124 2213 1188 2262; x_wconf 81' lang='lat' dir='ltr'>divt-</span> 
     </span>
     <span class='ocr_line' id='line_1_26' title="bbox 84 2289 1189 2355; baseline -0.002 -15"><span class='ocrx_word' id='word_1_255' title='bbox 84 2304 112 2341; x_wconf 69' lang='grc' dir='ltr'>Χ.</span> <span class='ocrx_word' id='word_1_256' title='bbox 127 2295 135 2320; x_wconf 88' lang='lat'>‘</span> <span class='ocrx_word' id='word_1_257' title='bbox 149 2292 241 2354; x_wconf 79' lang='lat' dir='ltr'>Pingit</span> <span class='ocrx_word' id='word_1_258' title='bbox 251 2298 280 2342; x_wconf 88' lang='lat' dir='ltr'>et</span> <span class='ocrx_word' id='word_1_259' title='bbox 291 2293 316 2342; x_wconf 88' lang='lat' dir='ltr'>in</span> <span class='ocrx_word' id='word_1_260' title='bbox 329 2294 413 2344; x_wconf 82' lang='lat' dir='ltr'>varios</span> <span class='ocrx_word' id='word_1_261' title='bbox 435 2295 571 2344; x_wconf 73' lang='lat' dir='ltr'>terrestria</span> <span class='ocrx_word' id='word_1_262' title='bbox 581 2295 615 2345; x_wconf 87' lang='lat' dir='ltr'>sl·</span> <span class='ocrx_word' id='word_1_263' title='bbox 652 2297 706 2353; x_wconf 83' lang='lat' dir='ltr'>net,</span> <span class='ocrx_word' id='word_1_264' title='bbox 726 2290 772 2355; x_wconf 85' lang='lat' dir='ltr'>qui</span> <span class='ocrx_word' id='word_1_265' title='bbox 792 2303 820 2339; x_wconf 84' lang='lat' dir='ltr'>se</span> <span class='ocrx_word' id='word_1_266' title='bbox 839 2290 866 2339; x_wconf 87' lang='lat' dir='ltr'>id</span> <span class='ocrx_word' id='word_1_267' title='bbox 886 2304 964 2354; x_wconf 83' lang='lat' dir='ltr'>posse</span> <span class='ocrx_word' id='word_1_268' title='bbox 980 2296 1077 2353; x_wconf 83' lang='lat' dir='ltr'>speret.</span> <span class='ocrx_word' id='word_1_269' title='bbox 1110 2289 1189 2339; x_wconf 85' lang='lat' dir='ltr'>Dicit</span> 
     </span>
     <span class='ocr_line' id='line_1_27' title="bbox 84 2363 1187 2434; baseline -0.003 -19"><span class='ocrx_word' id='word_1_270' title='bbox 84 2366 148 2417; x_wconf 82' lang='lat' dir='ltr'>dere</span> <span class='ocrx_word' id='word_1_271' title='bbox 175 2364 271 2418; x_wconf 85' lang='lat' dir='ltr'>tiores.&#39;</span> <span class='ocrx_word' id='word_1_272' title='bbox 304 2369 440 2434; x_wconf 82' lang='lat' dir='ltr'>Quumque</span> <span class='ocrx_word' id='word_1_273' title='bbox 465 2366 543 2419; x_wconf 85' lang='lat' dir='ltr'>liores</span> <span class='ocrx_word' id='word_1_274' title='bbox 569 2369 615 2419; x_wconf 88' lang='lat' dir='ltr'>isti</span> <span class='ocrx_word' id='word_1_275' title='bbox 651 2365 741 2433; x_wconf 74' lang='lat' dir='ltr'>igitur,</span> <span class='ocrx_word' id='word_1_276' title='bbox 763 2365 845 2415; x_wconf 85' lang='lat' dir='ltr'>Rosns</span> <span class='ocrx_word' id='word_1_277' title='bbox 867 2368 1005 2428; x_wconf 72' lang='lat' dir='ltr'>surgentes</span> <span class='ocrx_word' id='word_1_278' title='bbox 1024 2364 1059 2414; x_wconf 87' lang='lat' dir='ltr'>(le</span> <span class='ocrx_word' id='word_1_279' title='bbox 1080 2363 1187 2414; x_wconf 80' lang='lat' dir='ltr'>Favonii</span> 
     </span>
     <span class='ocr_line' id='line_1_28' title="bbox 18 2441 1187 2509; baseline -0.001 -19"><span class='ocrx_word' id='word_1_280' title='bbox 18 2505 20 2509; x_wconf 23' lang='grc' dir='ltr'>Ι</span> <span class='ocrx_word' id='word_1_281' title='bbox 83 2441 194 2505; x_wconf 75' lang='lat' dir='ltr'>gemmei</span> <span class='ocrx_word' id='word_1_282' title='bbox 204 2441 281 2490; x_wconf 86' lang='lat' dir='ltr'>Veris</span> <span class='ocrx_word' id='word_1_283' title='bbox 292 2441 355 2492; x_wconf 84' lang='lat' dir='ltr'>felix</span> <span class='ocrx_word' id='word_1_284' title='bbox 366 2442 492 2493; x_wconf 84' lang='lat' dir='ltr'>Autumni</span> <span class='ocrx_word' id='word_1_285' title='bbox 504 2458 614 2508; x_wconf 86' lang='lat' dir='ltr'>puerpe·</span> <span class='ocrx_word' id='word_1_286' title='bbox 652 2441 757 2505; x_wconf 85' lang='lat' dir='ltr'>spiritu,</span> <span class='ocrx_word' id='word_1_287' title='bbox 773 2442 904 2491; x_wconf 85' lang='lat' dir='ltr'>Venerem</span> <span class='ocrx_word' id='word_1_288' title='bbox 915 2441 1009 2490; x_wconf 87' lang='lat' dir='ltr'>ursisse</span> <span class='ocrx_word' id='word_1_289' title='bbox 1022 2441 1122 2491; x_wconf 78' lang='lat' dir='ltr'>meritis</span> <span class='ocrx_word' id='word_1_290' title='bbox 1134 2441 1187 2490; x_wconf 91' lang='lat' dir='ltr'>suls</span> 
     </span>
    </p>
   </div>
   <div class='ocr_carea' id='block_1_3' title="bbox 83 2517 1257 2581">
    <p class='ocr_par' dir='ltr' id='par_1_3' title="bbox 83 2517 1257 2581">
     <span class='ocr_line' id='line_1_29' title="bbox 83 2517 1257 2581; baseline 0.003 -16"><span class='ocrx_word' id='word_1_291' title='bbox 83 2517 151 2565; x_wconf 84' lang='lat' dir='ltr'>riuur</span> <span class='ocrx_word' id='word_1_292' title='bbox 159 2517 431 2581; x_wconf 80' lang='lat' dir='ltr'>polliceantur,velnti</span> <span class='ocrx_word' id='word_1_293' title='bbox 439 2519 614 2570; x_wconf 81' lang='lat' dir='ltr'>Portunatde</span> <span class='ocrx_word' id='word_1_294' title='bbox 651 2518 787 2581; x_wconf 88' lang='lat' dir='ltr'>imbribus,</span> <span class='ocrx_word' id='word_1_295' title='bbox 812 2518 839 2567; x_wconf 93' lang='lat' dir='ltr'>in</span> <span class='ocrx_word' id='word_1_296' title='bbox 857 2519 924 2568; x_wconf 84' lang='lat' dir='ltr'>irnnc</span> <span class='ocrx_word' id='word_1_297' title='bbox 943 2522 988 2567; x_wconf 84' lang='lat' dir='ltr'>ent</span> <span class='ocrx_word' id='word_1_298' title='bbox 1009 2517 1080 2567; x_wconf 89' lang='lat' dir='ltr'>illum</span> <span class='ocrx_word' id='word_1_299' title='bbox 1103 2531 1186 2567; x_wconf 83' lang='lat' dir='ltr'>usum.</span> <span class='ocrx_word' id='word_1_300' title='bbox 1253 2555 1257 2568; x_wconf 82' lang='grc'><strong>.</strong></span> 
     </span>
    </p>
   </div>
   <div class='ocr_carea' id='block_1_4' title="bbox 81 2590 1246 4030">
    <p class='ocr_par' dir='ltr' id='par_1_4' title="bbox 83 2590 1228 2963">
     <span class='ocr_line' id='line_1_30' title="bbox 83 2590 1188 2658; baseline 0.001 -16"><span class='ocrx_word' id='word_1_301' title='bbox 83 2592 138 2642; x_wconf 86' lang='lat' dir='ltr'>vite</span> <span class='ocrx_word' id='word_1_302' title='bbox 156 2590 312 2642; x_wconf 84' lang='lat' dir='ltr'>florescente</span> <span class='ocrx_word' id='word_1_303' title='bbox 331 2600 477 2658; x_wconf 70' lang='lat' dir='ltr'>argutatnr,</span> <span class='ocrx_word' id='word_1_304' title='bbox 493 2593 618 2646; x_wconf 80' lang='lat' dir='ltr'>‘Cortice</span> <span class='ocrx_word' id='word_1_305' title='bbox 652 2594 763 2658; x_wconf 67' lang='lat' dir='ltr'>Papillae</span> <span class='ocrx_word' id='word_1_306' title='bbox 784 2600 845 2644; x_wconf 90' lang='lat' dir='ltr'>suut</span> <span class='ocrx_word' id='word_1_307' title='bbox 861 2608 978 2645; x_wconf 80' lang='lat' dir='ltr'>rosarum</span> <span class='ocrx_word' id='word_1_308' title='bbox 997 2592 1139 2654; x_wconf 70' lang='lat' dir='ltr'>alabastrl3</span> <span class='ocrx_word' id='word_1_309' title='bbox 1159 2600 1188 2643; x_wconf 89' lang='lat' dir='ltr'>et</span> 
     </span>
     <span class='ocr_line' id='line_1_31' title="bbox 83 2667 1186 2738; baseline 0.003 -21"><span class='ocrx_word' id='word_1_310' title='bbox 83 2667 117 2717; x_wconf 89' lang='lat' dir='ltr'>de</span> <span class='ocrx_word' id='word_1_311' title='bbox 144 2669 233 2716; x_wconf 80' lang='lat' dir='ltr'>metris</span> <span class='ocrx_word' id='word_1_312' title='bbox 250 2676 340 2719; x_wconf 85' lang='lat' dir='ltr'>tenera</span> <span class='ocrx_word' id='word_1_313' title='bbox 359 2671 481 2735; x_wconf 81' lang='lat' dir='ltr'>lanugine</span> <span class='ocrx_word' id='word_1_314' title='bbox 500 2686 618 2736; x_wconf 77' lang='lat' dir='ltr'>surgens,</span> <span class='ocrx_word' id='word_1_315' title='bbox 652 2673 736 2736; x_wconf 85' lang='lat' dir='ltr'>prime</span> <span class='ocrx_word' id='word_1_316' title='bbox 747 2672 873 2736; x_wconf 75' lang='lat' dir='ltr'>germina,</span> <span class='ocrx_word' id='word_1_317' title='bbox 882 2679 960 2738; x_wconf 84' lang='lat' dir='ltr'>etque</span> <span class='ocrx_word' id='word_1_318' title='bbox 969 2671 1064 2722; x_wconf 74' lang='lat' dir='ltr'>culices</span> <span class='ocrx_word' id='word_1_319' title='bbox 1073 2670 1186 2720; x_wconf 85' lang='lat' dir='ltr'>nondum</span> 
     </span>
     <span class='ocr_line' id='line_1_32' title="bbox 83 2744 1186 2812; baseline 0.005 -21"><span class='ocrx_word' id='word_1_320' title='bbox 83 2744 224 2806; x_wconf 70' lang='lat' dir='ltr'>Praeparat</span> <span class='ocrx_word' id='word_1_321' title='bbox 234 2744 267 2794; x_wconf 83' lang='lat' dir='ltr'>ud</span> <span class='ocrx_word' id='word_1_322' title='bbox 280 2753 382 2808; x_wconf 88' lang='lat' dir='ltr'>parturn</span> <span class='ocrx_word' id='word_1_323' title='bbox 398 2747 502 2810; x_wconf 74' lang='lat' dir='ltr'>turgida</span> <span class='ocrx_word' id='word_1_324' title='bbox 514 2762 615 2812; x_wconf 73' lang='lat' dir='ltr'>gerum</span> <span class='ocrx_word' id='word_1_325' title='bbox 652 2748 828 2811; x_wconf 76' lang='lat' dir='ltr'>dehiscentes,</span> <span class='ocrx_word' id='word_1_326' title='bbox 844 2749 890 2797; x_wconf 87' lang='lat' dir='ltr'>sed</span> <span class='ocrx_word' id='word_1_327' title='bbox 906 2747 1050 2796; x_wconf 89' lang='lat' dir='ltr'>convolutis</span> <span class='ocrx_word' id='word_1_328' title='bbox 1066 2745 1186 2796; x_wconf 80' lang='lat' dir='ltr'>loliorum</span> 
     </span>
     <span class='ocr_line' id='line_1_33' title="bbox 84 2819 1186 2884; baseline 0.001 -14"><span class='ocrx_word' id='word_1_329' title='bbox 84 2819 175 2871; x_wconf 65' lang='lat' dir='ltr'>snum!</span> <span class='ocrx_word' id='word_1_330' title='bbox 208 2821 340 2873; x_wconf 82' lang='lat' dir='ltr'>Quocirca</span> <span class='ocrx_word' id='word_1_331' title='bbox 351 2828 412 2884; x_wconf 89' lang='lat' dir='ltr'>post</span> <span class='ocrx_word' id='word_1_332' title='bbox 426 2836 530 2872; x_wconf 84' lang='lat' dir='ltr'>versum</span> <span class='ocrx_word' id='word_1_333' title='bbox 541 2824 616 2872; x_wconf 90' lang='lat' dir='ltr'>illum</span> <span class='ocrx_word' id='word_1_334' title='bbox 652 2827 779 2875; x_wconf 80' lang='lat' dir='ltr'>catenulis</span> <span class='ocrx_word' id='word_1_335' title='bbox 801 2826 989 2874; x_wconf 64' lang='lat' dir='ltr'>conniventem·</span> <span class='ocrx_word' id='word_1_336' title='bbox 1013 2823 1080 2872; x_wconf 74' lang='lat' dir='ltr'>Huc</span> <span class='ocrx_word' id='word_1_337' title='bbox 1104 2823 1186 2872; x_wconf 84' lang='lat' dir='ltr'>Scrlv.</span> 
     </span>
     <span class='ocr_line' id='line_1_34' title="bbox 84 2897 1228 2963; baseline -0.002 -16"><span class='ocrx_word' id='word_1_338' title='bbox 84 2901 125 2947; x_wconf 73' lang='lat'>18.</span> <span class='ocrx_word' id='word_1_339' title='bbox 142 2897 284 2960; x_wconf 87' lang='lat' dir='ltr'>composite</span> <span class='ocrx_word' id='word_1_340' title='bbox 295 2897 433 2947; x_wconf 80' lang='lat' dir='ltr'>admodum</span> <span class='ocrx_word' id='word_1_341' title='bbox 444 2899 560 2962; x_wconf 86' lang='lat' dir='ltr'>sequitur</span> <span class='ocrx_word' id='word_1_342' title='bbox 652 2901 688 2949; x_wconf 81' lang='lat' dir='ltr'>lit</span> <span class='ocrx_word' id='word_1_343' title='bbox 705 2901 783 2963; x_wconf 83' lang='lat' dir='ltr'>poulo</span> <span class='ocrx_word' id='word_1_344' title='bbox 801 2897 909 2947; x_wconf 81' lang='lat' dir='ltr'>inferius</span> <span class='ocrx_word' id='word_1_345' title='bbox 927 2897 961 2947; x_wconf 85' lang='lat' dir='ltr'>nd</span> <span class='ocrx_word' id='word_1_346' title='bbox 977 2901 1096 2947; x_wconf 65' lang='lat' dir='ltr'>seruit.</span> <span class='ocrx_word' id='word_1_347' title='bbox 1129 2898 1188 2946; x_wconf 90' lang='lat' dir='ltr'>Vir·</span> <span class='ocrx_word' id='word_1_348' title='bbox 1224 2917 1228 2926; x_wconf 67' lang='lat'><strong><em>¹</em></strong></span> 
     </span>
    </p>

    <p class='ocr_par' dir='ltr' id='par_1_5' title="bbox 81 2969 1246 4030">
     <span class='ocr_line' id='line_1_35' title="bbox 117 2969 1246 3039; baseline 0 -17"><span class='ocrx_word' id='word_1_349' title='bbox 117 2978 149 3023; x_wconf 82' lang='lat' dir='ltr'>rt</span> <span class='ocrx_word' id='word_1_350' title='bbox 166 2975 223 3036; x_wconf 80' lang='lat' dir='ltr'>Ipse</span> <span class='ocrx_word' id='word_1_351' title='bbox 233 2977 357 3034; x_wconf 74' lang='lat' dir='ltr'>turgentes</span> <span class='ocrx_word' id='word_1_352' title='bbox 372 2971 474 3035; x_wconf 81' lang='lat' dir='ltr'>pupillus</span> <span class='ocrx_word' id='word_1_353' title='bbox 485 2975 514 3021; x_wconf 80' lang='lat' dir='ltr'>us</span> <span class='ocrx_word' id='word_1_354' title='bbox 526 2969 616 3021; x_wconf 80' lang='lat' dir='ltr'>Fumul</span> <span class='ocrx_word' id='word_1_355' title='bbox 653 2974 725 3038; x_wconf 74' lang='lat' dir='ltr'>giues</span> <span class='ocrx_word' id='word_1_356' title='bbox 743 2974 852 3039; x_wconf 72' lang='lat' dir='ltr'>pupillas</span> <span class='ocrx_word' id='word_1_357' title='bbox 871 2975 965 3023; x_wconf 89' lang='lat' dir='ltr'>iterum</span> <span class='ocrx_word' id='word_1_358' title='bbox 982 2974 1038 3023; x_wconf 87' lang='lat' dir='ltr'>vult</span> <span class='ocrx_word' id='word_1_359' title='bbox 1049 2988 1107 3022; x_wconf 89' lang='lat' dir='ltr'>esse</span> <span class='ocrx_word' id='word_1_360' title='bbox 1118 2987 1188 3022; x_wconf 54' lang='lat' dir='ltr'>rossi</span> <span class='ocrx_word' id='word_1_361' title='bbox 1222 3024 1224 3035; x_wconf 64' lang='grc'><em>,</em></span> <span class='ocrx_word' id='word_1_362' title='bbox 1244 2979 1246 2982; x_wconf 83' lang='grc'><strong>’</strong></span> 
     </span>
     <span class='ocr_line' id='line_1_36' title="bbox 82 3046 1188 3113; baseline -0.001 -15"><span class='ocrx_word' id='word_1_363' title='bbox 82 3049 171 3112; x_wconf 82' lang='lat' dir='ltr'>spiritu</span> <span class='ocrx_word' id='word_1_364' title='bbox 187 3049 264 3109; x_wconf 71' lang='lat' dir='ltr'>Urget</span> <span class='ocrx_word' id='word_1_365' title='bbox 275 3048 301 3095; x_wconf 85' lang='lat' dir='ltr'>irs</span> <span class='ocrx_word' id='word_1_366' title='bbox 313 3053 376 3096; x_wconf 82' lang='lat' dir='ltr'>toruo</span> <span class='ocrx_word' id='word_1_367' title='bbox 386 3052 499 3113; x_wconf 79' lang='lat' dir='ltr'>tepenter,</span> <span class='ocrx_word' id='word_1_368' title='bbox 509 3046 561 3112; x_wconf 83' lang='lat' dir='ltr'>ipso</span> <span class='ocrx_word' id='word_1_369' title='bbox 576 3061 616 3096; x_wconf 91' lang='lat' dir='ltr'>ro·</span> <span class='ocrx_word' id='word_1_370' title='bbox 653 3065 719 3107; x_wconf 87' lang='lat' dir='ltr'>rum,</span> <span class='ocrx_word' id='word_1_371' title='bbox 732 3050 776 3100; x_wconf 92' lang='lat' dir='ltr'>ubi</span> <span class='ocrx_word' id='word_1_372' title='bbox 789 3049 905 3113; x_wconf 87' lang='lat' dir='ltr'>Lipsinra</span> <span class='ocrx_word' id='word_1_373' title='bbox 914 3056 943 3098; x_wconf 86' lang='lat' dir='ltr'>et</span> <span class='ocrx_word' id='word_1_374' title='bbox 953 3049 1017 3098; x_wconf 87' lang='lat' dir='ltr'>alios</span> <span class='ocrx_word' id='word_1_375' title='bbox 1029 3048 1188 3110; x_wconf 86' lang='lat' dir='ltr'>interpretes</span> 
     </span>
     <span class='ocr_line' id='line_1_37' title="bbox 82 3121 1187 3187; baseline -0.005 -13"><span class='ocrx_word' id='word_1_376' title='bbox 82 3127 118 3174; x_wconf 83' lang='lat' dir='ltr'>m&#39;s</span> <span class='ocrx_word' id='word_1_377' title='bbox 137 3123 220 3181; x_wconf 83' lang='lat' dir='ltr'>lucidi,</span> <span class='ocrx_word' id='word_1_378' title='bbox 237 3122 323 3172; x_wconf 80' lang='lat' dir='ltr'>Noctis</span> <span class='ocrx_word' id='word_1_379' title='bbox 343 3137 404 3173; x_wconf 84' lang='lat' dir='ltr'>nuru</span> <span class='ocrx_word' id='word_1_380' title='bbox 422 3138 490 3186; x_wconf 80' lang='lat' dir='ltr'>quem</span> <span class='ocrx_word' id='word_1_381' title='bbox 509 3123 616 3187; x_wconf 76' lang='lat' dir='ltr'>reliquit,</span> <span class='ocrx_word' id='word_1_382' title='bbox 653 3125 746 3174; x_wconf 88' lang='lat' dir='ltr'>misere</span> <span class='ocrx_word' id='word_1_383' title='bbox 757 3130 859 3184; x_wconf 88' lang='lat' dir='ltr'>natare,</span> <span class='ocrx_word' id='word_1_384' title='bbox 873 3129 901 3172; x_wconf 86' lang='lat' dir='ltr'>et</span> <span class='ocrx_word' id='word_1_385' title='bbox 912 3123 938 3171; x_wconf 91' lang='lat' dir='ltr'>in</span> <span class='ocrx_word' id='word_1_386' title='bbox 950 3121 1066 3174; x_wconf 82' lang='lat' dir='ltr'>tenebris</span> <span class='ocrx_word' id='word_1_387' title='bbox 1078 3121 1187 3185; x_wconf 80' lang='lat' dir='ltr'>palpare</span> 
     </span>
     <span class='ocr_line' id='line_1_38' title="bbox 81 3196 1186 3264; baseline -0.005 -15"><span class='ocrx_word' id='word_1_388' title='bbox 81 3202 177 3264; x_wconf 71' lang='lat' dir='ltr'>spargit</span> <span class='ocrx_word' id='word_1_389' title='bbox 187 3199 317 3248; x_wconf 67' lang='lat' dir='ltr'>tumentem</span> <span class='ocrx_word' id='word_1_390' title='bbox 334 3199 419 3264; x_wconf 74' lang='lat' dir='ltr'>aqum]</span> <span class='ocrx_word' id='word_1_391' title='bbox 446 3199 494 3250; x_wconf 86' lang='lat' dir='ltr'>Uti</span> <span class='ocrx_word' id='word_1_392' title='bbox 512 3199 616 3264; x_wconf 87' lang='lat' dir='ltr'>quidem</span> <span class='ocrx_word' id='word_1_393' title='bbox 654 3200 765 3250; x_wconf 87' lang='lat' dir='ltr'>censuit.</span> <span class='ocrx_word' id='word_1_394' title='bbox 797 3199 848 3248; x_wconf 87' lang='lat' dir='ltr'>Sed</span> <span class='ocrx_word' id='word_1_395' title='bbox 861 3212 910 3247; x_wconf 89' lang='lat' dir='ltr'>nec</span> <span class='ocrx_word' id='word_1_396' title='bbox 922 3198 995 3248; x_wconf 90' lang='lat' dir='ltr'>uobis</span> <span class='ocrx_word' id='word_1_397' title='bbox 1010 3197 1102 3246; x_wconf 86' lang='lat' dir='ltr'>sudum</span> <span class='ocrx_word' id='word_1_398' title='bbox 1122 3196 1186 3246; x_wconf 83' lang='lat' dir='ltr'>illuri</span> 
     </span>
     <span class='ocr_line' id='line_1_39' title="bbox 83 3272 1187 3340; baseline -0.006 -12"><span class='ocrx_word' id='word_1_399' title='bbox 83 3278 155 3328; x_wconf 86' lang='lat' dir='ltr'>Pith.</span> <span class='ocrx_word' id='word_1_400' title='bbox 180 3291 238 3326; x_wconf 84' lang='lat' dir='ltr'>cnm</span> <span class='ocrx_word' id='word_1_401' title='bbox 267 3276 367 3340; x_wconf 86' lang='lat' dir='ltr'>Lipsio,</span> <span class='ocrx_word' id='word_1_402' title='bbox 392 3290 450 3325; x_wconf 87' lang='lat' dir='ltr'>curn</span> <span class='ocrx_word' id='word_1_403' title='bbox 473 3276 565 3340; x_wconf 86' lang='lat' dir='ltr'>quibus</span> <span class='ocrx_word' id='word_1_404' title='bbox 587 3281 619 3326; x_wconf 82' lang='lat' dir='ltr'>et</span> <span class='ocrx_word' id='word_1_405' title='bbox 653 3274 843 3325; x_wconf 81' lang='lat' dir='ltr'>Scriveriauurn</span> <span class='ocrx_word' id='word_1_406' title='bbox 863 3273 926 3324; x_wconf 84' lang='lat' dir='ltr'>sutis</span> <span class='ocrx_word' id='word_1_407' title='bbox 951 3273 1050 3339; x_wconf 79' lang='lat' dir='ltr'>liquido¹</span> <span class='ocrx_word' id='word_1_408' title='bbox 1067 3272 1187 3337; x_wconf 76' lang='lat' dir='ltr'>superer,</span> 
     </span>
     <span class='ocr_line' id='line_1_40' title="bbox 82 3351 1186 3418; baseline -0.005 -13"><span class='ocrx_word' id='word_1_409' title='bbox 82 3354 187 3405; x_wconf 85' lang='lat' dir='ltr'>Weitzii</span> <span class='ocrx_word' id='word_1_410' title='bbox 197 3354 301 3404; x_wconf 80' lang='lat' dir='ltr'>Scholia</span> <span class='ocrx_word' id='word_1_411' title='bbox 310 3352 422 3417; x_wconf 82' lang='lat' dir='ltr'>iaciunt,</span> <span class='ocrx_word' id='word_1_412' title='bbox 434 3353 481 3402; x_wconf 90' lang='lat' dir='ltr'>sed</span> <span class='ocrx_word' id='word_1_413' title='bbox 492 3368 550 3418; x_wconf 85' lang='lat' dir='ltr'>ane</span> <span class='ocrx_word' id='word_1_414' title='bbox 562 3367 615 3403; x_wconf 90' lang='lat' dir='ltr'>orn-</span> <span class='ocrx_word' id='word_1_415' title='bbox 652 3352 721 3418; x_wconf 86' lang='lat' dir='ltr'>quod</span> <span class='ocrx_word' id='word_1_416' title='bbox 733 3352 788 3402; x_wconf 88' lang='lat' dir='ltr'>aliis</span> <span class='ocrx_word' id='word_1_417' title='bbox 798 3352 877 3402; x_wconf 84' lang='lat' dir='ltr'>veluti</span> <span class='ocrx_word' id='word_1_418' title='bbox 889 3365 905 3401; x_wconf 93' lang='lat' dir='ltr'>e</span> <span class='ocrx_word' id='word_1_419' title='bbox 916 3352 1071 3415; x_wconf 88' lang='lat' dir='ltr'>crepusculo</span> <span class='ocrx_word' id='word_1_420' title='bbox 1081 3351 1186 3415; x_wconf 84' lang='lat' dir='ltr'>conjec-</span> 
     </span>
     <span class='ocr_line' id='line_1_41' title="bbox 83 3428 1187 3493; baseline -0.003 -13"><span class='ocrx_word' id='word_1_421' title='bbox 83 3431 128 3481; x_wconf 81' lang='lat' dir='ltr'>nia</span> <span class='ocrx_word' id='word_1_422' title='bbox 144 3431 177 3480; x_wconf 85' lang='lat' dir='ltr'>ed</span> <span class='ocrx_word' id='word_1_423' title='bbox 197 3429 466 3480; x_wconf 83' lang='lat' dir='ltr'>verbume&#39;l&#39;urnebo</span> <span class='ocrx_word' id='word_1_424' title='bbox 483 3428 529 3480; x_wconf 77' lang='lat' dir='ltr'>lili.</span> <span class='ocrx_word' id='word_1_425' title='bbox 547 3442 614 3479; x_wconf 80' lang='lat' dir='ltr'>xxv.</span> <span class='ocrx_word' id='word_1_426' title='bbox 654 3428 759 3478; x_wconf 86' lang='lat' dir='ltr'>tandum</span> <span class='ocrx_word' id='word_1_427' title='bbox 769 3428 972 3493; x_wconf 83' lang='lat' dir='ltr'>ndhncreliqnit.</span> <span class='ocrx_word' id='word_1_428' title='bbox 1006 3428 1123 3478; x_wconf 83' lang='lat' dir='ltr'>Somniat</span> <span class='ocrx_word' id='word_1_429' title='bbox 1132 3429 1187 3490; x_wconf 89' lang='lat' dir='ltr'>ille,</span> 
     </span>
     <span class='ocr_line' id='line_1_42' title="bbox 82 3504 1190 3572; baseline -0.005 -14"><span class='ocrx_word' id='word_1_430' title='bbox 82 3523 142 3572; x_wconf 84' lang='lat' dir='ltr'>cap.</span> <span class='ocrx_word' id='word_1_431' title='bbox 163 3512 204 3556; x_wconf 82' lang='lat' dir='ltr'>lto.</span> <span class='ocrx_word' id='word_1_432' title='bbox 225 3508 328 3570; x_wconf 80' lang='lat' dir='ltr'>hausta,</span> <span class='ocrx_word' id='word_1_433' title='bbox 348 3522 407 3557; x_wconf 89' lang='lat' dir='ltr'>cnm</span> <span class='ocrx_word' id='word_1_434' title='bbox 432 3506 471 3556; x_wconf 83' lang='lat' dir='ltr'>ite</span> <span class='ocrx_word' id='word_1_435' title='bbox 493 3506 613 3571; x_wconf 81' lang='lat' dir='ltr'>scripsltr</span> <span class='ocrx_word' id='word_1_436' title='bbox 653 3504 790 3569; x_wconf 77' lang='lat' dir='ltr'>Pervigilii</span> <span class='ocrx_word' id='word_1_437' title='bbox 806 3504 881 3570; x_wconf 86' lang='lat' dir='ltr'>hujus</span> <span class='ocrx_word' id='word_1_438' title='bbox 898 3504 1190 3569; x_wconf 57' lang='lat' dir='ltr'>quatuordeeimrerrls</span> 
     </span>
     <span class='ocr_line' id='line_1_43' title="bbox 81 3581 1185 3648; baseline -0.004 -15"><span class='ocrx_word' id='word_1_439' title='bbox 81 3584 238 3647; x_wconf 60' lang='lat' dir='ltr'>‘turgere’</span> <span class='ocrx_word' id='word_1_440' title='bbox 268 3590 314 3634; x_wconf 84' lang='lat' dir='ltr'>aut</span> <span class='ocrx_word' id='word_1_441' title='bbox 350 3583 495 3645; x_wconf 58' lang='lat' dir='ltr'>‘tumere&#39;</span> <span class='ocrx_word' id='word_1_442' title='bbox 519 3583 614 3648; x_wconf 91' lang='lat' dir='ltr'>inquit,</span> <span class='ocrx_word' id='word_1_443' title='bbox 654 3582 781 3632; x_wconf 71' lang='lat' dir='ltr'>huselt.</span> <span class='ocrx_word' id='word_1_444' title='bbox 801 3581 833 3630; x_wconf 82' lang='lat' dir='ltr'>ud</span> <span class='ocrx_word' id='word_1_445' title='bbox 846 3585 886 3632; x_wconf 70' lang='lat' dir='ltr'>it.</span> <span class='ocrx_word' id='word_1_446' title='bbox 899 3582 1002 3631; x_wconf 92' lang='lat' dir='ltr'>nonnisi</span> <span class='ocrx_word' id='word_1_447' title='bbox 1014 3581 1047 3630; x_wconf 88' lang='lat' dir='ltr'>de</span> <span class='ocrx_word' id='word_1_448' title='bbox 1058 3581 1120 3631; x_wconf 86' lang='lat' dir='ltr'>rosis</span> <span class='ocrx_word' id='word_1_449' title='bbox 1132 3594 1185 3629; x_wconf 87' lang='lat' dir='ltr'>ser·</span> 
     </span>
     <span class='ocr_line' id='line_1_44' title="bbox 81 3656 1186 3726; baseline -0.005 -18"><span class='ocrx_word' id='word_1_450' title='bbox 81 3659 204 3723; x_wconf 87' lang='lat' dir='ltr'>‘proprie</span> <span class='ocrx_word' id='word_1_451' title='bbox 219 3660 347 3724; x_wconf 75' lang='lat' dir='ltr'>virginum</span> <span class='ocrx_word' id='word_1_452' title='bbox 358 3666 407 3725; x_wconf 89' lang='lat' dir='ltr'>est,</span> <span class='ocrx_word' id='word_1_453' title='bbox 419 3674 526 3726; x_wconf 82' lang='lat' dir='ltr'>querum</span> <span class='ocrx_word' id='word_1_454' title='bbox 537 3661 616 3725; x_wconf 83' lang='lat' dir='ltr'>plene</span> <span class='ocrx_word' id='word_1_455' title='bbox 653 3673 755 3708; x_wconf 85' lang='lat' dir='ltr'>monem</span> <span class='ocrx_word' id='word_1_456' title='bbox 764 3672 832 3720; x_wconf 84' lang='lat' dir='ltr'>esse,</span> <span class='ocrx_word' id='word_1_457' title='bbox 850 3658 920 3722; x_wconf 86' lang='lat' dir='ltr'>quod</span> <span class='ocrx_word' id='word_1_458' title='bbox 938 3656 1058 3720; x_wconf 85' lang='lat' dir='ltr'>profecto</span> <span class='ocrx_word' id='word_1_459' title='bbox 1072 3669 1147 3705; x_wconf 84' lang='lat' dir='ltr'>secus</span> <span class='ocrx_word' id='word_1_460' title='bbox 1158 3669 1186 3704; x_wconf 89' lang='lat' dir='ltr'>se</span> 
     </span>
     <span class='ocr_line' id='line_1_45' title="bbox 83 3730 1188 3800; baseline -0.007 -15"><span class='ocrx_word' id='word_1_461' title='bbox 83 3735 223 3800; x_wconf 80' lang='lat' dir='ltr'>pubertate</span> <span class='ocrx_word' id='word_1_462' title='bbox 234 3736 339 3795; x_wconf 84' lang='lat' dir='ltr'>habitus</span> <span class='ocrx_word' id='word_1_463' title='bbox 360 3737 416 3787; x_wconf 82' lang='lat' dir='ltr'>viro</span> <span class='ocrx_word' id='word_1_464' title='bbox 432 3744 549 3786; x_wconf 89' lang='lat' dir='ltr'>maturus</span> <span class='ocrx_word' id='word_1_465' title='bbox 566 3742 616 3799; x_wconf 89' lang='lat' dir='ltr'>est,</span> <span class='ocrx_word' id='word_1_466' title='bbox 653 3734 742 3785; x_wconf 86' lang='lat' dir='ltr'>habet.</span> <span class='ocrx_word' id='word_1_467' title='bbox 785 3734 913 3784; x_wconf 87' lang='lat' dir='ltr'>Nimirum</span> <span class='ocrx_word' id='word_1_468' title='bbox 941 3746 999 3781; x_wconf 90' lang='lat' dir='ltr'>cunr</span> <span class='ocrx_word' id='word_1_469' title='bbox 1025 3733 1052 3779; x_wconf 91' lang='lat' dir='ltr'>in</span> <span class='ocrx_word' id='word_1_470' title='bbox 1076 3730 1188 3779; x_wconf 89' lang='lat' dir='ltr'>Veneris</span> 
     </span>
     <span class='ocr_line' id='line_1_46' title="bbox 83 3805 1186 3876; baseline -0.007 -14"><span class='ocrx_word' id='word_1_471' title='bbox 83 3818 144 3862; x_wconf 92' lang='lat' dir='ltr'>toto·</span> <span class='ocrx_word' id='word_1_472' title='bbox 160 3815 232 3862; x_wconf 84' lang='lat' dir='ltr'>velut</span> <span class='ocrx_word' id='word_1_473' title='bbox 247 3826 356 3876; x_wconf 89' lang='lat' dir='ltr'>corpore</span> <span class='ocrx_word' id='word_1_474' title='bbox 369 3820 540 3875; x_wconf 80' lang='lat' dir='ltr'>tumescente,</span> <span class='ocrx_word' id='word_1_475' title='bbox 549 3827 617 3876; x_wconf 79' lang='lat' dir='ltr'>prse-</span> <span class='ocrx_word' id='word_1_476' title='bbox 654 3811 740 3876; x_wconf 74' lang='lat' dir='ltr'>elogio</span> <span class='ocrx_word' id='word_1_477' title='bbox 751 3810 867 3860; x_wconf 84' lang='lat' dir='ltr'>divinum</span> <span class='ocrx_word' id='word_1_478' title='bbox 882 3809 938 3873; x_wconf 89' lang='lat' dir='ltr'>ejus</span> <span class='ocrx_word' id='word_1_479' title='bbox 950 3814 1035 3859; x_wconf 89' lang='lat' dir='ltr'>ortum</span> <span class='ocrx_word' id='word_1_480' title='bbox 1048 3805 1186 3870; x_wconf 72' lang='lat' dir='ltr'>predicas-</span> 
     </span>
     <span class='ocr_line' id='line_1_47' title="bbox 83 3881 1186 3953; baseline -0.008 -14"><span class='ocrx_word' id='word_1_481' title='bbox 83 3889 174 3939; x_wconf 86' lang='lat' dir='ltr'>sertim</span> <span class='ocrx_word' id='word_1_482' title='bbox 194 3895 302 3953; x_wconf 92' lang='lat' dir='ltr'>pectore</span> <span class='ocrx_word' id='word_1_483' title='bbox 323 3895 352 3939; x_wconf 88' lang='lat' dir='ltr'>at</span> <span class='ocrx_word' id='word_1_484' title='bbox 371 3888 507 3938; x_wconf 73' lang='lat' dir='ltr'>mammis!</span> <span class='ocrx_word' id='word_1_485' title='bbox 539 3889 619 3938; x_wconf 86' lang='lat' dir='ltr'>Unde</span> <span class='ocrx_word' id='word_1_486' title='bbox 654 3894 704 3950; x_wconf 89' lang='lat' dir='ltr'>set,</span> <span class='ocrx_word' id='word_1_487' title='bbox 735 3888 863 3948; x_wconf 86' lang='lat' dir='ltr'>similiter,</span> <span class='ocrx_word' id='word_1_488' title='bbox 895 3893 925 3936; x_wconf 92' lang='lat' dir='ltr'>ut</span> <span class='ocrx_word' id='word_1_489' title='bbox 951 3884 1052 3934; x_wconf 80' lang='lat' dir='ltr'>Auctor</span> <span class='ocrx_word' id='word_1_490' title='bbox 1079 3881 1186 3932; x_wconf 90' lang='lat' dir='ltr'>Pontici</span> 
     </span>
     <span class='ocr_line' id='line_1_48' title="bbox 83 3957 1188 4030; baseline -0.009 -14"><span class='ocrx_word' id='word_1_491' title='bbox 83 3974 113 4016; x_wconf 88' lang='lat' dir='ltr'>et</span> <span class='ocrx_word' id='word_1_492' title='bbox 130 3965 248 4015; x_wconf 87' lang='lat' dir='ltr'>‘tumida</span> <span class='ocrx_word' id='word_1_493' title='bbox 259 3965 407 4028; x_wconf 82' lang='lat' dir='ltr'>virginitas&#39;</span> <span class='ocrx_word' id='word_1_494' title='bbox 426 3965 564 4029; x_wconf 85' lang='lat' dir='ltr'>sPapiuio</span> <span class='ocrx_word' id='word_1_495' title='bbox 580 3965 617 4014; x_wconf 89' lang='lat' dir='ltr'>di·</span> <span class='ocrx_word' id='word_1_496' title='bbox 654 3966 758 4030; x_wconf 78' lang='lat' dir='ltr'>Fragm.</span> <span class='ocrx_word' id='word_1_497' title='bbox 780 3965 867 4014; x_wconf 83' lang='lat' dir='ltr'>stetim</span> <span class='ocrx_word' id='word_1_498' title='bbox 888 3960 1031 4024; x_wconf 83' lang='lat' dir='ltr'>subjunxit,</span> <span class='ocrx_word' id='word_1_499' title='bbox 1057 3957 1188 4024; x_wconf 87' lang='lat' dir='ltr'>quomodo</span> 
     </span>
    </p>
   </div>
   <div class='ocr_carea' id='block_1_5' title="bbox 83 4032 1188 4266">
    <p class='ocr_par' dir='ltr' id='par_1_6' title="bbox 83 4032 1188 4266">
     <span class='ocr_line' id='line_1_49' title="bbox 83 4032 1187 4105; baseline -0.01 -14"><span class='ocrx_word' id='word_1_500' title='bbox 83 4043 153 4092; x_wconf 89' lang='lat' dir='ltr'>citur</span> <span class='ocrx_word' id='word_1_501' title='bbox 174 4042 256 4093; x_wconf 82' lang='lat' dir='ltr'>Theb.</span> <span class='ocrx_word' id='word_1_502' title='bbox 275 4043 320 4093; x_wconf 90' lang='lat' dir='ltr'>lib.</span> <span class='ocrx_word' id='word_1_503' title='bbox 339 4056 370 4092; x_wconf 88' lang='lat' dir='ltr'>rr.</span> <span class='ocrx_word' id='word_1_504' title='bbox 391 4047 420 4092; x_wconf 87' lang='lat' dir='ltr'>et</span> <span class='ocrx_word' id='word_1_505' title='bbox 441 4042 573 4105; x_wconf 81' lang='lat' dir='ltr'>cypriano</span> <span class='ocrx_word' id='word_1_506' title='bbox 589 4040 616 4091; x_wconf 93' lang='lat' dir='ltr'>in</span> <span class='ocrx_word' id='word_1_507' title='bbox 654 4041 770 4104; x_wconf 84' lang='lat' dir='ltr'>ejusdem</span> <span class='ocrx_word' id='word_1_508' title='bbox 779 4041 855 4088; x_wconf 80' lang='lat' dir='ltr'>Divae</span> <span class='ocrx_word' id='word_1_509' title='bbox 868 4037 971 4085; x_wconf 86' lang='lat' dir='ltr'>numine</span> <span class='ocrx_word' id='word_1_510' title='bbox 986 4032 1187 4084; x_wconf 80' lang='lat' dir='ltr'>cunctaloecnn·</span> 
     </span>
     <span class='ocr_line' id='line_1_50' title="bbox 83 4111 1188 4180; baseline -0.01 -11"><span class='ocrx_word' id='word_1_511' title='bbox 83 4118 238 4169; x_wconf 85' lang='lat' dir='ltr'>Sodomede</span> <span class='ocrx_word' id='word_1_512' title='bbox 248 4119 324 4168; x_wconf 88' lang='lat' dir='ltr'>Lothi</span> <span class='ocrx_word' id='word_1_513' title='bbox 333 4118 445 4180; x_wconf 83' lang='lat' dir='ltr'>filiabus,</span> <span class='ocrx_word' id='word_1_514' title='bbox 455 4121 462 4148; x_wconf 88' lang='lat'>‘</span> <span class='ocrx_word' id='word_1_515' title='bbox 474 4116 616 4180; x_wconf 78' lang='lat' dir='ltr'>Virginitas</span> <span class='ocrx_word' id='word_1_516' title='bbox 654 4119 789 4178; x_wconf 87' lang='lat' dir='ltr'>darentur,</span> <span class='ocrx_word' id='word_1_517' title='bbox 811 4123 840 4165; x_wconf 90' lang='lat' dir='ltr'>ut</span> <span class='ocrx_word' id='word_1_518' title='bbox 852 4115 920 4163; x_wconf 88' lang='lat' dir='ltr'>idern</span> <span class='ocrx_word' id='word_1_519' title='bbox 931 4113 1024 4162; x_wconf 89' lang='lat' dir='ltr'>iterum</span> <span class='ocrx_word' id='word_1_520' title='bbox 1039 4111 1140 4160; x_wconf 83' lang='lat' dir='ltr'>Solinus</span> <span class='ocrx_word' id='word_1_521' title='bbox 1152 4111 1188 4159; x_wconf 80' lang='lat' dir='ltr'>uti</span> 
     </span>
     <span class='ocr_line' id='line_1_51' title="bbox 84 4187 1187 4266; baseline -0.006 -23"><span class='ocrx_word' id='word_1_522' title='bbox 84 4195 111 4243; x_wconf 92' lang='lat' dir='ltr'>in</span> <span class='ocrx_word' id='word_1_523' title='bbox 136 4192 202 4246; x_wconf 83' lang='lat' dir='ltr'>&#39;flore</span> <span class='ocrx_word' id='word_1_524' title='bbox 228 4193 330 4244; x_wconf 65' lang='lat' dir='ltr'>tumet!</span> <span class='ocrx_word' id='word_1_525' title='bbox 363 4195 476 4245; x_wconf 90' lang='lat' dir='ltr'>Pulchre</span> <span class='ocrx_word' id='word_1_526' title='bbox 500 4192 619 4250; x_wconf 60' lang='lat' dir='ltr'>Martini,</span> <span class='ocrx_word' id='word_1_527' title='bbox 654 4194 771 4266; x_wconf 77' lang='lat' dir='ltr'>eumdem</span> <span class='ocrx_word' id='word_1_528' title='bbox 781 4187 1187 4255; x_wconf 77' lang='lat' dir='ltr'>Venerem,“l&#39;rrftetibrrsnnges&#39;</span> 
     </span>
    </p>
   </div>
   <div class='ocr_carea' id='block_1_6' title="bbox 0 0 1380 4694">
    <p class='ocr_par' dir='ltr' id='par_1_7' title="bbox 0 0 1380 4694">
     <span class='ocr_line' id='line_1_52' title="bbox 0 0 1380 4694; baseline 0 0"><span class='ocrx_word' id='word_1_529' title='bbox 0 0 1380 4694; x_wconf 95' lang='lat' dir='ltr'> </span> 
     </span>
    </p>
   </div>
  </div>
 </body>
</html>
