2752 4694
381 333 635 386 reuersurus
658 334 731 383 ruo
754 332 943 386 onruuuo.
1146 317 1212 385 oto

111 495 165 530 non
177 479 282 530 nimium
291 492 352 528 sane
361 477 572 529 ablusisseviderl
582 492 640 542 pos·
680 477 860 538 attondentur,
870 474 1009 527 ‘sicelire’
1022 475 1073 526 dici
1091 475 1155 540 qnid
1166 490 1211 526 ve-

113 563 182 605 sunt.
217 556 310 618 Neque
320 555 395 618 hujus
404 553 540 618 elegantiae
549 554 642 604 retitur
681 559 721 603 tat
729 554 744 601 ?·
755 553 839 602 crines
846 552 913 615 dico,
921 559 1054 616 pratorum
1064 552 1144 601 instar
1152 552 1211 601 sub·

113 644 192 678 unum
207 636 235 678 et
246 630 349 679 unicum
360 630 431 679 illum
445 630 479 679 de
490 629 581 678 Poetis
600 642 646 692 po·
681 628 742 676 inde
752 627 884 689 luxuriari,
895 641 927 675 ue
936 626 1022 677 dicem
1032 627 1208 691 regerminare

113 703 257 766 puleribus,
288 704 434 753 Secundum
467 704 644 766 cognominem
682 702 771 751 solitos
781 702 807 750 in
818 707 944 764 tempore.

113 793 198 827 meum
209 778 277 841 dico,
294 777 466 842 subterfugit3
482 779 524 842 qui
541 791 644 840 eampse
714 778 807 841 Neque
828 778 913 826 miuus
939 775 1042 825 erudite
1063 776 1212 841 Interpres,

112 853 191 915 illem,
203 867 249 915 per
260 867 363 903 cansam
381 852 565 915 descriptionis
582 853 644 915 Ely·
682 866 758 916 quem
768 852 826 901 dico
837 859 865 901 et
874 865 936 900 vere
946 851 1106 913 scaligerum
1122 853 1148 901 in
1160 869 1213 904 mo·

114 927 219 988 riorum,
231 927 316 976 Busiis
334 927 387 975 suis
407 927 531 975 insertum
548 941 642 975 renus·
682 941 746 988 rem,
756 927 848 990 Elegia
859 926 892 975 ad
903 927 1041 988 Manlium,
1052 927 1211 989 aptissimam

115 1001 212 1049 tissime
224 1001 293 1050 visus
302 1009 342 1051 est
351 1016 487 1064 usurpare.
520 1001 564 1050 Sic
576 1002 644 1050 euim
681 1017 714 1049 ex
725 1001 888 1064 ineptissima
899 1001 971 1050 uobis
987 1001 1142 1051 sententiam
1153 1016 1214 1052 con·

114 1075 185 1137 inibi,
195 1075 269 1127 ‘Qua
286 1075 412 1140 violisque
430 1076 547 1139 rosisque
560 1083 587 1125 et
597 1074 644 1125 fla·
681 1076 796 1126 cinuavit
808 1077 970 1126 correctione
987 1076 1147 1126 istiusmodi:
1164 1077 1215 1126 Sed

113 1152 219 1200 vicomis
238 1152 377 1209 Narcissus,
404 1153 570 1201 Umbraculls
592 1159 646 1200 tre·
682 1152 810 1199 tuusultae
824 1166 890 1199 emor
909 1152 1003 1199 buretro
1013 1150 1067 1210 fuit
1083 1153 1217 1215 alturido,

113 1225 255 1287 ruentibus,
264 1225 355 1273 llludit
366 1226 444 1273 Lauri
455 1240 545 1278 nemus
557 1232 584 1275 et
590 1240 646 1275 cre·
685 1225 755 1278 Quod
765 1224 856 1272 Diuum
872 1226 985 1274 domitum
996 1225 1065 1285 ferre
1076 1226 1165 1287 jugum
1174 1229 1215 1277 de·

113 1300 216 1360 pitaute
227 1311 330 1346 susurro
340 1298 436 1362 Tepidi
448 1313 526 1347 sueve
543 1299 647 1348 sibilaut
683 1299 742 1348 cuit.
774 1299 874 1361 Diuum,
893 1315 941 1364 pro
959 1301 1017 1363 ipso
1028 1301 1143 1352 Hercule
1155 1303 1215 1352 sim·

114 1373 248 1421 AEternum
260 1371 375 1436 Zephyri
387 1388 394 1421 r
404 1387 460 1422 ,nec
477 1388 579 1423 vomere
591 1388 647 1423 sau·
684 1373 822 1438 pliciseiure
840 1389 916 1429 ausus
935 1375 1120 1438 interpretari:
1139 1376 1213 1443 cujus

113 1450 155 1497 cia
166 1448 240 1497 tellus
252 1448 383 1496 Foecunda
393 1448 472 1497 solvit
484 1447 592 1498 ubera'.
611 1449 646 1497 Et
685 1449 822 1511 Scaligeroe
833 1449 953 1499 lectionis
963 1450 1117 1500 testimoniis
1127 1465 1214 1502 corro-

113 1525 239 1573 boctenus
265 1523 370 1586 quidem
398 1524 529 1572 Secundus
555 1538 645 1573 meus:
683 1522 1022 1588 borarequidattinet,cum
1032 1524 1214 1590 Getullusipee

115 1614 193 1660 nuno,
204 1599 230 1646 in
243 1597 347 1648 Catullo
366 1599 434 1661 quod
453 1599 647 1662 reliquumest,
684 1599 753 1648 haud
772 1600 929 1649 dissimiliter
949 1601 997 1648 bac
1015 1613 1078 1648 voce
1100 1615 1169 1662 usus,
1187 1601 1215 1650 in

44 1697 47 1703 ·
115 1688 306 1736 persequemur.
341 1673 390 1722 Ilio
407 1672 502 1735 Lesbio,
519 1688 589 1736 quum
602 1675 648 1721 Co·
684 1676 790 1738 Nuptiis
801 1675 878 1735 Pelei
888 1673 1036 1724 et'I'hetidis
1047 1674 1216 1738 liquidissime

115 1750 186 1797 tullus
203 1764 273 1798 uuam
292 1749 358 1810 Plus,
374 1763 444 1813 quom
460 1763 486 1797 ee
504 1754 574 1811 utque
593 1763 647 1796 suot
684 1751 871 1801 convincatur?
897 1749 969 1800 verbi
997 1763 1082 1811 ceusu,
1109 1749 1214 1801 ‘Quum

116 1823 206 1870 amovit
226 1838 311 1872 omnes.
345 1823 419 1872 Idem
442 1822 491 1871 hoc
510 1832 647 1885 propemo·
684 1827 782 1890 Delphi
794 1832 849 1877 tots
860 1825 980 1877 certatim
989 1839 1022 1874 ex
1033 1823 1098 1874 urbe
1109 1832 1218 1875 ruentes

117 1896 177 1945 dum
198 1913 256 1948 cum
277 1899 330 1958 illo,
346 1899 449 1949 ‘Quem
468 1903 494 1945 te
514 1911 572 1945 cum
591 1903 647 1945 tota
684 1902 842 1966 Accipereut
863 1903 917 1951 laeti
936 1901 1033 1950 Divum
1054 1899 1215 1951 fumantibus

115 1979 203 2033 gente,
230 1972 344 2033 Catulle,
367 1969 428 2020 tua!
472 1970 504 2018 Iu
532 1971 647 2019 clausula
684 1974 754 2025 aris!
781 1976 1216 2039 ‘Divum,'absolule,proLibero

118 2060 197 2108 porro
209 2048 305 2110 Elegiae
318 2046 351 2094 ad
363 2046 648 2108 melundensibus
685 2057 769 2113 patre,
779 2051 805 2098 in
816 2051 941 2099 Diuorum
952 2055 1086 2099 numerum
1098 2051 1215 2113 legitime

115 2136 188 2183 prono
206 2136 311 2183 proeceps
328 2121 411 2180 egitur
429 2121 542 2167 decursu:
559 2119 647 2180 Atque,
684 2125 783 2175 adrem
801 2125 997 2188 adseripeoque,
1043 2125 1113 2188 puri,
1133 2125 1217 2174 ‚75qu4

116 2192 648 2260 pro‘statim'positumaccipioridquod
684 2206 774 2263 nostra,
792 2216 838 2249 mn
855 2203 887 2249 aa
901 2199 988 2248 Amisi
1007 2199 1093 2247 Flacca
1108 2198 1216 2260 opposite

117 2286 150 2319 ex
172 2269 293 2318 Enniano
313 2269 357 2316 illo
376 2267 513 2330 perspicue
536 2267 649 2329 planum,
684 2276 819 2336 amem
831 2274 928 2323 Favoni,
960 2272 1160 2335 praesumpta
1172 2287 1217 2336 po.

115 2347 222 2408 ‘Atque
232 2345 426 2404 acceditmuros
436 2343 648 2406 Romanajnven·
686 2350 736 2398 tius
752 2349 839 2411 lectio,
850 2349 882 2398 de
894 2363 944 2413 qua
955 2347 1065 2410 benigne
1082 2347 1143 2396 mibi
1155 2361 1215 2410 gra.

116 2419 187 2469 tus?
208 2419 333 2482 quomodo
352 2419 430 2467 etiem
448 2418 565 2466 Maronis
585 2418 648 2467 illud
685 2422 927 2485 tiamfeoitsolens,
945 2422 1216 2485 unioomaglsunicus
1263 2459 1270 2468 .

119 2495 327 2559 intelligendum,
345 2495 386 2544 ‘si
404 2494 507 2544 brachia
519 2493 587 2543 forte
608 2506 648 2542 re·
685 2497 788 2561 Lipsius
807 2512 896 2558 meus;
921 2511 953 2546 ex
969 2497 1093 2560 Romano,
1112 2499 1214 2562 opinor,

116 2571 199 2631 misit,
214 2570 301 2634 Atque
314 2570 423 2619 illumin
435 2583 554 2633 preceps
566 2583 649 2633 prono
686 2571 783 2621 Codice
801 2572 941 2635 depromta
959 2572 1087 2636 primitus,
1112 2579 1141 2621 et
1159 2573 1216 2636 qui·

117 2645 189 2707 rapit
204 2645 293 2693 alveus
310 2643 395 2706 amui,'
415 2644 505 2693 docuit
521 2658 567 2692 nos
581 2643 648 2708 Jam-
685 2649 744 2698 dem
756 2646 977 2698 adbuncfaoiem:
995 2647 1217 2709 Foruaillouroos·

117 2720 219 2782 pridem
230 2720 328 2769 Gellius
340 2719 425 2770 libsx.
442 2735 497 2782 cup.
509 2723 552 2769 29.
684 2728 734 2786 tro,
748 2725 789 2785 dre.
822 2723 887 2775 Quis
903 2723 974 2772 enim
992 2723 1109 2785 ambigat
1129 2737 1215 2786 porro,

150 2794 649 2856 romanorempoeuca,soCatulliana
685 2797 1142 2861 quinidemuronruunusure,cui
1155 2811 1214 2859 per·

117 2871 302 2933 detestatione,
315 2871 492 2920 admirabilem
510 2871 648 2930 Sceligene
685 2879 773 2934 petues
793 2872 888 2934 passim
906 2871 1083 2932 ignominiosae
1102 2884 1214 2933 pauper·

117 2947 252 2998 industrius
272 2949 393 3010 indolem,
416 2950 508 2999 vellem
530 2947 649 3011 equidem
686 2941 1215 2996 tatismaculreavulsrionostroinustoei

118 3037 166 3086 pro
178 3024 215 3072 rei
226 3024 355 3088 dignitate
367 3021 428 3072 satis
436 3023 542 3071 laudere
552 3030 581 3072 ut
593 3036 649 3085 poe·
686 3016 751 3064 Nam
766 3016 990 3078 quotempuelegir
1008 3015 1216 3068 iucmmamDr'u
1301 3035 1304 3039 ·

119 3112 192 3158 sem;
208 3099 327 3161 primitus
343 3100 466 3147 inlocum
476 3097 649 3153 xouleuuau-
685 3090 751 3153 dumi
768 3089 894 3151 uminum,
909 3091 949 3151 qr.
982 3090 1014 3138 ln
1034 3103 1113 3152 eopse
1129 3089 1216 3153 illusi

119 3174 217 3236 tiquam
238 3187 340 3235 vocem,
362 3172 497 3235 Situm,
524 3173 576 3222 civi
602 3186 648 3221 suo
685 3172 759 3216 recte
769 3165 942 3228 commemini,
955 3165 1056 3229 codice,
1074 3165 1217 3229 cutientem,

119 3248 298 3307 restituentis;
317 3248 470 3297 examussim
481 3246 647 3306 doctissime;
685 3241 829 3304 legebatur,
848 3254 901 3289 non
918 3241 1071 3300 tremorum
1089 3248 1117 3290 et
1134 3241 1215 3305 probe
1302 3288 1304 3294 ,
1335 3226 1336 3230 ¹

119 3338 151 3372 ac
162 3337 214 3385 pro,
229 3321 319 3371 cultris
337 3321 459 3370 tonsoriis
477 3320 648 3383 interpreten-
685 3314 820 3366 tortuosior
833 3330 893 3366 nam
903 3323 932 3366 et
940 3316 1078 3377 Martialis,
1088 3316 1095 3343 ‘
1105 3315 1216 3367 Cumfu·

117 3397 162 3459 tis,
174 3395 312 3445 tralatione
320 3395 458 3457 aptissima.
485 3395 552 3445 Nam
563 3394 650 3459 sicuti,
686 3390 722 3440 rit
733 3389 766 3439 ad
775 3391 905 3455 Phrygios
916 3392 1093 3444 entheaturba
1104 3392 1216 3444 modost?

116 3472 213 3534 ‘prata
231 3467 369 3530 siceliri,’a
382 3471 500 3519 Varrone
517 3469 649 3533 dicuntur,
686 3468 749 3517 item
765 3467 837 3530 alibi,
852 3470 926 3520 ‘Noc
936 3470 1016 3522 turbe
1025 3477 1111 3520 cessat
1125 3471 1216 3522 entbe·

118 3551 182 3595 tunc
194 3557 253 3594 curn
264 3544 271 3572 ‘
282 3542 399 3607 sicilice,'
411 3545 650 3608 idest,siculu,seu
686 3549 732 3593 ata
749 3543 881 3594 Bellonae?
915 3546 954 3594 Ex
972 3545 1062 3595 eodem
1078 3559 1156 3610 porro
1173 3561 1219 3596 ex·

121 3621 188 3671 falce
199 3636 215 3670 a
225 3620 343 3670 fenisecis
355 3621 489 3684 preterita
500 3629 650 3673 courectru-
667 3647 669 3649 >
680 3619 807 3683 emplum,
823 3620 890 3673 Nun
901 3622 1128 3671 cruentarentur
1138 3621 1216 3684 popuii·

119 3705 309 3758 turmessoree3
321 3699 650 3762 eousque,donecomnem
687 3691 736 3744 Μ
761 3694 918 3758 proculire,
936 3695 1058 3758 Lipsiane
1074 3692 1126 3742 fide
1147 3696 1224 3743 tran-¹

121 3772 194 3834 quasi
204 3771 285 3821 berba
296 3772 443 3824 tuberosum
453 3773 572 3823 relictum
582 3781 650 3824 utto·
687 3768 815 3832 scriptum
831 3769 1000 3833 accepimusz,
1020 3768 1092 3830 cujus
1114 3767 1152 3815 rel
1174 3778 1217 3817 ex-

119 3844 253 3897 touderint
279 3860 472 3911 usquequaque,
499 3862 529 3897 ac
557 3861 650 3912 purum
687 3845 795 3909 plicatio
812 3847 972 3909 asuperiors
983 3845 1029 3894 illa
1038 3842 1215 3893 urbanissime

120 3918 283 3969 reddiderint
298 3920 421 3981 tandem;
437 3923 474 3971 sic
494 3929 523 3971 et
538 3922 650 3984 ‘capitis
689 3920 785 3983 puelle
793 3921 979 3971 monstratione
986 3918 1111 3984 petenda,
1122 3918 1218 3969 ‘Ques-

121 3993 277 4054 exurias,'si
295 3996 399 4059 quaudo
416 3995 520 4046 bidente
540 3995 650 4059 forcipe,
688 3995 747 4050 dem
768 3995 880 4046 nitidum
902 3996 985 4044 sinum
1006 3993 1143 4066 reducens,
1175 3992 1216 4044 En

121 4069 173 4116 hoc
185 4068 241 4129 est,
256 4070 339 4119 cultro
355 4071 479 4133 tonsorio,
497 4071 650 4120 novaculam
686 4070 728 4125 lric
745 4071 772 4125 iu
790 4073 872 4121 rosels
888 4071 955 4120 latet
973 4066 1095 4132 papillis?
1129 4067 1216 4119 Etiam

122 4155 198 4206 quam
218 4143 366 4208 perbibent,
383 4145 437 4196 sire
458 4147 578 4207 strictim,
596 4145 650 4196 sive
687 4145 721 4196 ab
730 4146 799 4196 illins
809 4145 862 4195 locl
872 4142 1215 4208 seripturaneprmoinodo

122 4217 253 4280 adeoper
272 4218 402 4281 pectinem
423 4220 601 4286 demetuntur,
609 4221 650 4272 uel
683 4223 796 4292 pupulum
814 4221 900 4286 puella
922 4219 1079 4274 immicus,
1101 4234 1217 4272 seorsuns
