2752 4694
410 334 661 384 rnevrcruruu
688 335 861 385 vuunms.
1117 323 1183 388 765

85 482 120 526 tae
128 477 185 527 aiiae
193 477 219 527 io
228 477 388 539 iiioiiodice,
398 475 613 541 scribendumque
651 475 775 539 sanguine
786 475 884 526 Adonis
894 476 1007 526 colorem
1015 476 1126 528 traxisse
1134 492 1181 542 pu·

84 555 188 603 omnino
199 556 296 616 censui,
304 554 380 604 Facto
389 553 612 618 Cpprirdecraore.
650 558 718 602 taut.
751 553 818 610 Bion
835 552 958 615 Epitaph.
975 551 1085 616 Adonis,
1102 553 1181 604 Ouid.

85 630 200 692 Explosa
210 644 241 679 ea
252 630 373 694 lectione,
383 630 408 678 in
418 645 470 694 qua
485 630 533 679 sibi
549 630 613 679 mire
651 629 718 678 Met.
728 642 757 679 x.
767 629 819 679 eiii.
846 629 967 678 De'Rosa
978 629 1115 688 Luxurias,
1126 629 1183 679 sire

84 703 174 766 piacet
201 705 241 753 vir
262 704 363 767 doctus,
385 706 455 753 Fasoe
481 705 564 768 aprino
585 706 614 754 de
652 706 708 770 quis
724 705 788 754 eiius
807 706 910 754 iliorum
927 711 1072 768 temporum
1088 705 1181 767 Poeta,

83 793 174 828 more.
208 780 266 831 Qua
277 794 379 844 qnoque
390 779 522 840 damnata,
532 793 614 828 meatu
651 780 677 829 in
689 779 754 830 Coti.
765 780 843 829 snum.
866 779 938 829 ‘Aut
952 780 1000 829 hoc
1020 779 1076 829 risit
1092 778 1181 843 Amor,

83 857 202 919 protinus
224 857 333 920 arripuit
355 857 380 905 in
406 855 615 906 confabulatione
653 862 698 906 eut
714 857 764 905 hoc
778 855 812 906 de
824 855 929 920 pectine
942 853 1023 904 traxit
1040 854 1182 917 Purpureir

85 933 228 984 ci.8a1u.
249 940 373 999 tanquam
394 933 615 997 elegantissimum
652 931 754 993 Aurora
764 933 858 992 comis3
870 939 916 982 aut
924 931 1124 994 sentibnshaesit
1132 930 1182 995 Cy·

83 1014 112 1057 et
123 1009 289 1059 verissimam.
324 1009 401 1059 Foeta
412 996 502 1058 docuit
519 1008 562 1056 iiie
574 1007 615 1056 hie
652 1008 714 1071 pris,
723 1013 751 1057 et
761 1008 803 1058 irie
812 1008 893 1072 spinis
904 1007 999 1057 insedit
1008 1007 1111 1070 sanguis
1122 1019 1183 1055 ace·

82 1083 134 1133 dici
145 1099 194 1148 pro
209 1086 301 1135 ‘nata’
319 1092 347 1134 et
362 1085 486 1133 ‘creatu’
516 1083 559 1133 Sic
574 1097 615 1131 su·
654 1082 705 1133 tis!
723 1084 845 1148 Ejusdem
853 1084 965 1134 auctoris
972 1083 1183 1146 esseEpigraphe

83 1173 140 1222 pre,
163 1161 259 1210 ‘Fecit
280 1160 420 1209 undantem
442 1157 545 1219 Dione:
570 1171 616 1221 pro
653 1160 776 1222 ostendit,
784 1161 857 1224 cujus
867 1162 983 1224 uperius
992 1159 1055 1209 iliud
1063 1159 1184 1222 Carmen,

83 1239 90 1264 ⁴
103 1235 220 1286 creavit?
247 1234 288 1284 Ad
301 1249 376 1298 quem
388 1234 473 1283 iocum
485 1232 545 1282 vide
557 1246 616 1296 qsras
653 1233 721 1296 quod
730 1234 832 1297 incipit,
847 1234 887 1285 ‘0
898 1235 985 1298 quales
995 1249 1045 1298 ego
1056 1248 1131 1283 mane
1143 1248 1183 1283 ru·

85 1325 154 1359 nunc
166 1311 285 1374 dicat‚et
296 1309 357 1358 oiim
369 1308 402 1358 ad
412 1307 481 1357 Hist.
492 1306 559 1371 nug.
573 1305 616 1355 ob·
653 1309 719 1358 sasi'
742 1309 833 1359 Eidem
855 1324 956 1374 qnoque
975 1323 1084 1374 sequens
1102 1307 1183 1358 adtri-

84 1386 207 1435 servavit.
418 1445 422 1454 ,
655 1382 754 1448 buitur,

117 1464 193 1512 Facto
204 1461 363 1527 cypris,85c.]
378 1460 617 1526 quuituriiuctor
826 1461 877 1510 Dii
893 1460 1006 1511 Rosia.

82 1538 118 1586 de
134 1539 219 1586 Rosa:
239 1537 327 1601 cypris
343 1542 385 1586 est
401 1535 540 1601 genitivus.
572 1535 617 1584 In·
653 1534 770 1584 ‘Hortus
781 1541 838 1584 erat
851 1536 959 1585 Veneris
974 1535 1054 1586 roseis
1072 1535 1184 1586 circnm-

83 1612 163 1662 flexio
183 1613 286 1672 Latina,
313 1613 397 1662 ‘Hree
420 1612 523 1675 Cypris,
540 1611 616 1672 hujus
685 1610 762 1661 datus
773 1611 866 1674 herbis,

23 1744 30 1751 N
84 1692 198 1756 cypris!
225 1693 286 1742 Non
303 1691 360 1740 vult
377 1692 425 1740 isoc
442 1691 501 1739 loeo
516 1688 617 1752 Cyprio
654 1685 832 1750 oratus-ager
849 1686 975 1737 dominre:
995 1701 1080 1752 quern,
1092 1687 1137 1752 qui
1148 1687 1184 1737 vi·

83 1772 128 1814 aut
145 1768 275 1816 Venerem
295 1764 393 1815 factam
413 1772 562 1815 creatumve
582 1778 616 1813 ex
685 1763 776 1824 disset,
789 1764 912 1813 amaret<

85 1843 225 1904 sanguiue3
251 1841 298 1891 sed
326 1842 430 1903 Rosam,
451 1856 485 1890 ex
506 1839 616 1890 Veneris
653 1839 720 1889 Dum
737 1840 808 1889 Puer
825 1840 867 1889 hic
885 1840 979 1903 passim
997 1844 1123 1902 properat
1139 1837 1184 1889 de·
1236 1872 1239 1880 .

85 1929 177 1965 cruore
189 1923 282 1978 ortam,
299 1923 344 1966 aut
355 1923 533 1981 purpuratam.
564 1915 616 1964 Sed
685 1929 793 1978 cerpere
806 1915 894 1978 dores,

84 1990 166 2053 dices,
178 1991 289 2055 idipsum
306 1993 438 2055 signanter
455 1993 617 2042 correctione
653 1991 689 2038 Et
701 1991 787 2040 velare
797 2005 895 2051 eunias,
906 1991 981 2054 spina
991 1991 1083 2041 liberii
1091 1996 1168 2040 acuta

85 2066 207 2129 Lipsiana
234 2067 355 2129 exprimi,
385 2069 451 2117 Fuso
479 2069 563 2130 optino
588 2069 618 2116 de
654 2067 811 2121 Marmoreos
820 2067 929 2129 digitos:
946 2083 1007 2116 mox
1016 2074 1046 2116 ut
1058 2066 1129 2114 dolor
1139 2064 1185 2114 ad·

82 2156 173 2190 cruore.
204 2141 270 2193 Quae
290 2141 370 2190 lectio
387 2139 420 2189 ab
435 2142 564 2196 Historia,
575 2141 618 2190 rei
688 2140 857 2202 tigitartus‚,

85 2234 101 2266 a
119 2216 229 2266 Fabula.
264 2217 333 2266 Nam
355 2218 436 2265 Rosas
457 2216 617 2279 asanguiue
646 2215 878 2278 sanguineamque
901 2228 1014 2274 manum,
1037 2212 1116 2262 tinnit
1137 2227 1184 2262 sne

84 2292 194 2354 Adonis,
202 2307 277 2356 quem
289 2306 353 2355 aper
361 2292 503 2354 occiderat,
510 2292 618 2342 traxisse
687 2290 784 2338 lumina
795 2296 879 2352 gutte,

84 2369 206 2419 ruborem
231 2369 307 2432 vulgo
334 2369 425 2418 volunt
441 2369 517 2430 Bion,
539 2368 617 2419 ovid.
656 2365 763 2414 Proruit
774 2358 931 2417 ad‘Metrem
943 2363 1076 2428 frendens,
1088 2362 1184 2414 desert·

87 2446 191 2496 etalii.
223 2444 373 2509 ‘Aprinus’
402 2445 561 2508 adjectivum
585 2444 644 2494 ab*
678 2445 892 2516 ·quequereiias:
1021 2435 1024 2439 ’

85 2520 185 2583 ‘aper’
203 2520 343 2570 secundnm
359 2520 503 2583 analogiam
515 2518 618 2583 quidem
656 2520 732 2570 Unde
750 2523 836 2581 Rosae,
854 2521 952 2583 Mater,
972 2526 1107 2584 ruperunt
1125 2534 1183 2569 esse

83 2595 135 2645 dici
144 2602 257 2659 oportet,
265 2603 318 2646 uta
328 2597 335 2624 ‘
346 2595 440 2659 ceper'
451 2596 493 2645 vei
505 2596 513 2624 ‘
524 2595 618 2659 capra’
687 2597 828 2646 nocentes?
881 2628 884 2633 -

85 2670 180 2720 dicitnr
195 2671 337 2735 ‘caprinus
346 2671 363 2721 τ’
380 2670 568 2735 ‘Aprugnum’
582 2679 618 2721 ta·
654 2672 730 2721 Unde
741 2672 779 2721 tui
790 2670 866 2722 dores
885 2679 1000 2735 pungunt
1020 2670 1183 2721 latitantibus

84 2762 144 2796 men
155 2747 232 2797 video
244 2747 276 2797 ab
288 2749 400 2813 antiquis
416 2749 545 2812 usurpari,
557 2763 617 2799 cou-
687 2747 782 2796 armis?

16 2816 21 2829 ‘
83 2823 241 2885 spirantibus
250 2824 513 2874 Maavemstissimis.
530 2826 626 2879 Pisce,
654 2823 835 2884 Beiiagerunt
849 2836 949 2871 mecum
967 2822 1049 2870 Fioris
1067 2824 1140 2872 color
1154 2829 1184 2875 et

84 2896 176 2959 Persa,
187 2904 215 2946 et
225 2898 335 2948 Poenuio
346 2900 436 2961 habet,
452 2901 460 2928 ‘
474 2913 620 2964 aprugnum
687 2911 763 2963 cruor
775 2896 870 2945 unum-⁹

85 2972 195 3021 callum*
213 2972 281 3020 Piin.
289 2973 336 3021 lib.
346 2987 408 3022 vrri.
417 2988 475 3036 cap.
485 2978 525 3023 51.
541 2973 616 3023 ‘dam
655 2973 791 3026 Quomodo
801 2975 870 3022 Rosa
882 2972 948 3035 niba,
959 2986 1090 3037 purpurea
1100 2979 1128 3023 ei
1141 2989 1183 3024 ru·

84 3047 190 3096 Catonis
201 3047 322 3095 Censoris
332 3048 463 3097 orationes
474 3063 616 3113 aprugnum
654 3050 701 3099 isra
711 3049 783 3099 fecte
793 3050 837 3109 sit,
845 3049 917 3097 disee
926 3062 959 3097 ex
968 3047 1110 3110 Aphthonii
1118 3048 1186 3098 Pro·

84 3121 246 3185 exprobrant
267 3121 378 3170 callum:
402 3123 429 3171 in
454 3131 507 3171 tres
531 3132 617 3172 tamen
654 3125 916 3189 gymnasmatismup.
928 3129 952 3173 4.
970 3130 997 3172 et
1015 3123 1184 3173 Constantino

85 3203 175 3260 partes
187 3196 280 3259 divino,
291 3197 376 3246 modia
387 3198 543 3261 ponebatur,
553 3200 617 3248 inru-
655 3199 927 3250 Caesarodunum.
938 3204 1090 3262 xr.cup.18.
1103 3199 1185 3249 ‘Ado-

86 3273 135 3322 bus
155 3285 286 3335 aprugnus
303 3272 452 3335 adpeiiata!
483 3275 529 3323 ΕΙ.
545 3276 618 3324 Lem·
654 3275 715 3326 uide
726 3275 832 3334 occiso‚'
850 3277 933 3338 ciunt,
949 3277 1096 3326 ‘Venerem
1107 3276 1183 3328 nudis

86 3349 187 3413 pridius
192 3348 219 3396 in
224 3347 618 3415 Heiiogabaio,‘suminaaprug·
654 3352 762 3416 pedibus
773 3353 912 3416 ingressam
922 3367 979 3402 esse
989 3353 1088 3417 silvam,
1096 3354 1183 3420 ibique

85 3423 144 3472 naz'
172 3438 326 3488 quanquam,
350 3424 412 3489 quid
431 3425 617 3481 dissimulem?
655 3429 1182 3492 spiniscouspunctamemisissecruorens.
1258 3490 1261 3495 .

84 3501 164 3550 Saim.
176 3500 208 3550 ad
229 3502 299 3551 Hist.
317 3499 385 3563 Aug.
401 3500 559 3564 Scriptores,
574 3501 617 3551 ob·
655 3503 722 3553 inde
733 3505 837 3566 Rosam,
856 3518 913 3568 qsrae
932 3505 1003 3573 prius
1024 3512 1093 3555 esset
1113 3507 1183 3564 aihu,

86 3582 175 3625 servat
185 3575 212 3623 in
229 3575 360 3638 Spartiani
376 3576 456 3638 Vero,
474 3583 501 3625 et
521 3576 547 3624 in
563 3577 618 3626 rita
656 3581 792 3643 aspergine
801 3587 946 3630 contactam
956 3581 1065 3644 coepise
1074 3580 1186 3632 rubere!

87 3651 175 3712 Getas,
190 3649 346 3713 ‘aprunam’
362 3649 524 3715 frequentius
537 3651 618 3714 scrip·
655 3657 696 3704 En
706 3655 816 3705 Veneris
828 3657 932 3705 vulnere
949 3657 1035 3719 itaque
1054 3655 1121 3704 hunc
1142 3659 1184 3704 russ

86 3731 141 3774 tum
150 3726 175 3774 ia
183 3725 254 3774 libris
260 3726 407 3791 Mssqutm
414 3728 500 3791 ruigg.
509 3727 618 3792 ‘aprug·
654 3730 743 3780 borem
755 3737 917 3779 contraxere.
934 3730 1001 3779 Vide
1011 3730 1121 3779 Misceii.
1132 3731 1184 3780 Po·
1281 3720 1284 3725 ¹

86 3801 164 3850 num!
188 3803 287 3849 Demus
296 3802 385 3866 itaque
393 3801 443 3852 dici
456 3804 591 3865 ‘aprinum
601 3803 617 3851 ι’
655 3806 738 3855 litiani
749 3821 808 3868 cap.
817 3810 855 3855 ll.
867 3806 971 3854 Brodasi
982 3805 1025 3853 iib.
1033 3818 1083 3854 vrr.
1095 3820 1151 3868 cap.
1159 3809 1183 3854 7.

86 3880 153 3951 maie
162 3878 324 3928 nihilominus
335 3880 484 3944 inepteque,
491 3879 530 3929 sai
538 3880 618 3943 ὰκνρο·
655 3888 683 3930 et
695 3886 734 3931 lo.
752 3880 804 3930 Aiii
817 3879 893 3929 aiiier
904 3881 1026 3943 originem
1039 3880 1114 3928 Rotae
1125 3895 1184 3929 nar·

85 3953 164 4014 adpo:
172 3953 408 4018 dicetnr‘aprinus
417 3955 509 4018 cruor‚'
517 3954 616 4004 Adonis
655 3963 722 4007 rant.
746 3956 841 4006 Ancon.
857 3956 984 4018 Cupidine
999 3953 1183 4015 Cruci-adfixo,
1264 4018 1267 4022 Δ

87 4045 164 4095 quem
178 4043 241 4092 aper
251 4031 383 4080 occiderat
393 4044 477 4080 cruor.
509 4030 565 4079 Imo
575 4031 617 4079 hie
654 4032 809 4091 ‘Quadam
821 4033 997 4092 ignoscentum
1011 4029 1108 4091 specie,
1118 4030 1183 4078 iudi-

86 4120 166 4172 crnor
177 4105 263 4170 potins
274 4104 399 4171 dieepdue
411 4112 468 4156 eret
480 4105 616 4166 Adoneus3
655 4108 712 4158 brie
730 4115 831 4157 tantum
849 4105 908 4154 Soio
928 4106 1029 4154 volunt:
1051 4104 1132 4167 etyius
1153 4111 1183 4154 ut

87 4183 108 4233 si
126 4183 196 4232 iocus
214 4186 284 4232 esset
302 4182 420 4263 Fabulae,
437 4196 488 4247 qiua
506 4183 617 4233 Rosasa
656 4184 739 4234 tenuis
764 4182 813 4231 sub
835 4181 950 4230 acumine
974 4181 1063 4244 puncti
1086 4182 1182 4233 Eiiciet
