2752 4694
163 379 166 383 ,
195 313 261 379 474
450 329 488 377 nr.
512 328 548 376 s.
573 327 720 378 nussum
745 329 1047 379 conunurnurus

175 468 282 536 ⁴excipi
301 468 442 532 perforet.
476 470 574 520 Eodem
588 470 679 520 morbo
689 470 726 521 A·
763 485 826 520 saxa
836 477 989 535 perrumpat
998 471 1081 521 dolor.
1110 469 1297 533 stagnosos,

195 543 261 592 lexis
272 545 393 594 Comicus
406 546 526 595 mulieres
543 560 643 610 quoque
654 545 725 596 labo·
763 560 821 595 cum
833 546 927 595 dentes
938 545 1070 608 ostendat,
1082 540 1137 595 istis
1155 545 1232 595 rebus
1243 560 1295 594 uon

194 630 254 666 rare
264 618 303 668 ait
313 618 476 682 lepidissimis
492 619 616 683 versibus,
633 635 698 684 quos
710 635 726 670 e
763 620 839 671 valde
849 627 982 670 movetur:
999 621 1089 684 itaque
1101 618 1127 668 in
1138 625 1191 668 tarn
1203 626 1296 668 moesto

195 692 330 743 Clemente
340 693 516 744 Alexandrino
527 695 623 745 Petrus
634 696 725 746 Victo·
763 697 922 758 spectaculo,
961 695 1161 745 lamentantibus
1189 696 1296 758 ceteris,

195 767 248 817 rius
265 768 291 818 iu
303 769 387 820 libros
405 785 466 820 suos
482 772 633 831 transtulit;
649 785 723 836 quos,
762 771 868 821 Renidet
878 771 935 821 ills:
951 787 981 821 ac
993 772 1115 836 deniqne,

193 843 313 906 quoniam
322 845 433 896 nondam
444 847 509 896 satis
517 847 667 896 emendatos
679 862 725 911 pu·
793 852 809 897 6
827 849 948 911 Quidquid
962 854 1006 909 est,
1016 848 1200 912 wasmont,
1212 850 1295 905 Quod·

189 923 231 977 ,to,
240 918 278 969 ita
289 918 428 984 proferam,
443 928 473 971 ut
489 922 540 985 legi
552 928 673 984 oportere
684 938 724 972 ar·
760 934 849 985 cunque
864 923 927 984 ugit,
947 923 1049 973 renidet.
1074 923 1135 972 bunc
1149 924 1217 972 dubet
1232 939 1295 972 mor·

191 991 290 1044 bitrorz
308 996 723 1060 nequemeidetiamcumbona
760 997 826 1063 mm]
857 999 966 1047 Morbos
991 999 1120 1048 vocabant
1147 999 1294 1062 pravitates

188 1067 274 1131 ipsius
287 1070 397 1119 Victorii
414 1071 500 1134 gratia
519 1071 649 1123 iacturum
667 1089 723 1124 esse
760 1073 884 1139 quasdam
897 1075 983 1137 animi,
993 1075 1243 1138 consuetudinesque
1256 1077 1295 1124 ri·

187 1142 288 1195 diffido.
322 1146 390 1195 Sunt
400 1153 487 1196 sutem
495 1148 630 1197 'l'rocbsici
642 1149 723 1200 Octo·
760 1147 848 1198 tiosas.
882 1148 938 1199 Cic.
956 1149 1113 1215 inverrem,
1132 1148 1166 1197 de
1186 1149 1293 1212 Signis:

185 1219 258 1271 uarii
268 1220 440 1271 Catalectici:
456 1222 555 1284 Eleusis
571 1220 667 1272 dide-ros
682 1221 722 1271 ir·
759 1224 863 1274 ‘Venio
881 1238 950 1273 nuuc
969 1225 1002 1273 ad
1024 1224 1108 1284 istius,
1128 1224 1295 1287 quemadmo-

190 1310 248 1355 χενς
265 1293 403 1356 &eiad-pm
411 1298 536 1362 δεΐγελᾷν·
546 1297 600 1347 Ἵνα
610 1301 723 1362 θεωρῶσιν
759 1296 820 1348 dnm
831 1300 887 1361 ipse
895 1300 1020 1363 appellat,
1030 1298 1143 1348 studium
1152 1314 1160 1358 3
1177 1304 1207 1347 ut
1215 1297 1294 1348 amici

189 1369 213 1417 ol
232 1368 353 1433 παρόντες,
368 1370 398 1418 rb
411 1371 479 1432 στόμ’
498 1373 530 1423 ds
544 1373 633 1436 κομψὸν
647 1373 722 1438 pipo.
759 1373 828 1438 ejus,
836 1374 963 1437 morbum,
971 1380 999 1424 et
1010 1373 1133 1423 insaniam
1145 1388 1153 1434 ς
1164 1372 1293 1436 ossiculi,

127 1490 137 1498 ,
189 1444 245 1495 ’ἣν
261 1444 287 1494 dl
301 1445 335 1504 μὴ
354 1445 435 1512 χαίρῃ,
449 1450 547 1508 γελῶσα
561 1451 666 1498 διατελεῖ
678 1449 723 1508 τὴν
759 1449 941 1500 latrocinium!
963 1449 1092 1513 Apposite
1103 1447 1225 1498 autemid
1235 1463 1294 1499 rer·

188 1519 624 1587 §rabmtludllmstunipsorixouro
634 1525 723 1575 terrie
759 1522 787 1573 bi
799 1523 915 1573 adhibuit
932 1524 1026 1584 Poitu,
1038 1537 1087 1587 quo
1105 1523 1131 1572 in
1149 1523 1293 1573 amicorum

187 1597 217 1646 ἐν
230 1599 280 1647 rois'
289 1597 407 1661 χείλεσιν,
418 1598 496 1649 ‘nore
510 1602 546 1663 rei
561 1600 637 1666 χρόνῳ
650 1617 721 1667 orop-
758 1598 828 1647 vittis
847 1605 1002 1659 uterentur3
1020 1600 1113 1663 quiet
1132 1612 1162 1648 se
1181 1598 1292 1649 amicum

187 1669 557 1737 ρθ,4ντεβούλσ’,ᾰντεμή.
758 1685 814 1723 esse
836 1675 947 1738 Egnatio
965 1674 1078 1735 simulet,
1100 1681 1130 1723 et
1151 1673 1293 1723 admouere

221 1752 238 1797 2
255 1750 370 1813 Resistet]
387 1750 477 1802 Ridet.
508 1751 670 1802 ‘lienidere’
682 1752 721 1801 di·
758 1761 827 1810 euru,
835 1749 908 1812 quasi
920 1748 1012 1810 amice,
1021 1749 1094 1797 velit.

186 1821 274 1882 citur3
291 1825 416 1889 quidquid
426 1827 534 1876 bilarem
545 1826 656 1891 aliquam
663 1843 721 1892 spe·
743 1819 747 1826 ⁴
790 1825 1040 1880 9Qttt1rem⁰mt¹¹⁴⁸
1056 1827 1092 1872 Μ
1102 1821 1173 1884 miili]
1192 1823 1291 1874 ΗΜΘ·

170 1896 256 1948 'ciem
275 1912 328 1962 pra
347 1913 377 1949 se
394 1897 463 1950 fert:
479 1916 531 1965 quo
547 1917 624 1952 sensu
640 1909 721 1953 trans-
756 1914 805 1960 uus
815 1899 849 1949 da
865 1914 897 1949 eo
908 1901 1010 1949 locutus
1021 1905 1077 1949 est:
1094 1912 1162 1947 nunc
1179 1899 1212 1948 ed
1230 1915 1291 1950 eum

186 1970 273 2022 fertur
283 1974 361 2023 etiam
373 1974 407 2024 ad
417 1976 565 2026 inanimata.
756 1974 900 2024 orationem
914 1974 1054 2037 convertit,
1065 1973 1193 2038 inquiens,

182 2086 187 2104 ,
219 2047 323 2113 Mod]
350 2050 434 2113 Hujus
453 2050 650 2114 tmrperioeer
661 2067 720 2103 rare
789 2049 857 2098 Borse
871 2051 969 2111 Egnati,
978 2047 1029 2113 t5c.]
1047 2048 1144 2099 Subest
1154 2054 1242 2098 autem
1250 2049 1291 2099 ris

184 2122 325 2193 admodum
336 2127 456 2190 exempla
467 2128 576 2191 reperiri
588 2134 660 2192 puto.
690 2138 692 2143 ·
757 2125 903 2188 argumenti
914 2124 961 2173 ἀπὸ
976 2126 1020 2173 roi
1030 2122 1166 2185 ἐλάττονος,
1175 2124 1224 2174 boc
1235 2138 1290 2173 mo·

168 2201 188 2245 ’.
218 2199 267 2250 Seu
287 2203 319 2250 od
338 2203 489 2252 reinerium
510 2209 547 2252 est
567 2203 718 2268 Sabaeum
754 2204 807 2255 do:
833 2205 917 2254 Etiam
930 2204 951 2253 si
962 2203 1086 2254 oriundus
1103 2217 1174 2252 esses
1191 2217 1226 2252 ex
1243 2203 1292 2252 ali·

183 2270 246 2325 Sive
258 2276 315 2340 quis
326 2291 385 2326 eum
401 2278 500 2327 amicus
510 2274 536 2326 iu
548 2279 622 2342 graui
633 2280 718 2344 aliqua
756 2294 808 2344 qua
825 2293 915 2330 aarum
934 2279 1057 2342 gentium,
1075 2292 1132 2343 quas
1155 2277 1204 2327 sibi
1224 2277 1289 2328 den·

183 2364 279 2400 mussa
287 2352 599 2414 periclitausadvocatum
608 2355 718 2405 adduxit
755 2356 821 2405 tium
842 2354 983 2405 candorem
1005 2353 1061 2402 sine
1082 2352 1136 2400 ulla
1162 2352 1291 2415 spurcitia

181 2424 252 2475 sibi:
268 2426 503 2490 quisautesulocus
511 2428 717 2494 alieniorariau,
755 2436 923 2494 comparant3
939 2426 1289 2492 tameu,itafrequeuter‚ae

184 2514 262 2566 quam
271 2499 417 2564 judicium?
754 2505 825 2554 nulla
836 2505 970 2554 occasione
978 2519 1021 2553 eos
1031 2510 1160 2566 retegere,
1169 2503 1289 2567 ineptum

218 2576 309 2624 &Gora
316 2578 593 2642 notoreoeitotfletum]
608 2580 673 2630 cum
683 2581 716 2630 ad
754 2585 839 2629 esset:
859 2585 955 2642 quanto
973 2579 1053 2641 igitur
1067 2577 1094 2628 id
1110 2578 1225 2641 ineptius
1236 2585 1289 2643 est,

182 2650 379 2701 annotationis
399 2660 500 2715 partem
511 2661 616 2704 ventum
629 2661 678 2719 est,
690 2656 716 2706 in
754 2668 813 2704 cum
824 2654 949 2716 originem
966 2668 999 2702 ex
1014 2667 1046 2701 ea
1062 2660 1140 2716 gente
1155 2653 1288 2704 bominum

184 2739 236 2790 qua
247 2731 345 2788 orator,
356 2727 426 2775 velut
437 2726 551 2776 babeam
562 2730 716 2792 eloquentia
754 2727 841 2792 ducas,
852 2742 911 2792 quar
929 2727 978 2776 sibi
996 2741 1046 2776 non
1064 2727 1152 2776 borret
1169 2729 1288 2791 quotidie

182 2798 283 2863 bama,
301 2800 388 2850 omnia
409 2801 550 2863 permiscet
569 2800 717 2866 affectibus,
753 2805 827 2853 urina
846 2801 990 2853 confricare
1008 2802 1136 2866 gingivas,
1148 2809 1178 2852 ut
1192 2803 1288 2855 dentes

184 2876 263 2926 itaut
274 2889 345 2939 soepe
362 2890 378 2925 e
396 2890 493 2925 corona
512 2883 614 2927 astante
625 2878 643 2926 ii
654 2893 715 2942 quo·
752 2877 849 2930 efficiat
859 2877 1001 2928 candidos?

180 2964 244 3018 que,
255 2951 287 3001 ad
302 2966 366 3016 quos
378 2952 441 3001 nibil
458 2966 500 3002 res
516 2953 621 3014 attinet,
631 2954 716 3003 lacru-
786 2959 818 3004 10
834 2954 864 3003 Si
874 2953 975 3003 arbom
982 2953 1054 3016 esses]
1076 2954 1107 3003 ld
1120 2961 1169 3017 est,
1181 2954 1207 3003 iu
1219 2954 1287 3006 urbe

167 3017 408 3091 'marecogantun
425 3043 456 3077 eo
473 3027 575 3092 inquam
588 3034 716 3092 tempore,
751 3034 837 3077 natos.
1025 3034 1027 3039 '
1365 3088 1368 3094 Ι

179 3117 235 3166 qao
270 3103 391 3152 subsellia
434 3111 580 3154 ceterorum
616 3104 715 3167 gemitu
786 3107 816 3152 ll
833 3103 884 3153 Ast
893 3117 979 3166 porcus
991 3102 1089 3166 Umber]
1106 3102 1218 3154 Videtur
1230 3104 1286 3156 iru-

182 3178 342 3241 planctuque
370 3185 504 3241 resonant,
531 3180 635 3229 Residet
665 3181 715 3230 ille.
752 3178 887 3242 galitatetu
914 3185 942 3228 et
961 3180 1152 3243 ‚parsimoniam
1178 3181 1287 3232 Umbris

182 3250 266 3302 Addit
277 3253 367 3324 etiarn,
377 3253 446 3315 quod
457 3253 492 3302 sit
502 3254 639 3303 absurdius
650 3270 657 3304 s
752 3252 881 3304 tribuere:
899 3261 991 3303 contra
1001 3259 1088 3304 tamen
1101 3268 1189 3303 eorum
1207 3255 1284 3305 lituus

179 3365 182 3373 ‚
213 3331 230 3377 4
254 3327 303 3376 Seu
321 3328 358 3391 pii
376 3329 408 3376 ud
427 3341 512 3388 rogam
525 3329 570 3392 fili
590 3329 715 3389 ugerae,-
752 3341 768 3374 a
787 3329 875 3376 multis
893 3329 1044 3393 idoneisque
1060 3329 1229 3393 scriptoribus
1246 3331 1286 3380 ia·

180 3403 354 3468 ordojcumstct
363 3403 456 3452 uaicum
465 3403 552 3466 muter]
566 3403 714 3467 Insingulis
750 3401 871 3450 cessitas.

181 3486 266 3530 autem
286 3478 373 3529 verbis
390 3479 459 3528 inest
478 3479 595 3541 pondus:
612 3492 672 3528 narn
686 3486 713 3529 et
782 3476 834 3524 Aut
844 3477 923 3526 olem
934 3477 1060 3540 Eumae]
1077 3479 1100 3527 E
1114 3479 1235 3542 copiosis,
1247 3482 1286 3531 ri·

180 3556 266 3606 unllam
284 3554 405 3604 acerbior
422 3555 507 3602 luctus
526 3558 577 3616 est,
588 3567 664 3617 quam
679 3554 713 3601 ob
750 3549 1086 3617 delicet,lrequentibusque
1096 3553 1284 3606 sacrificiorum

180 3631 301 3680 amissum
312 3627 410 3688 filinm3
427 3634 456 3677 et
471 3627 499 3675 in
517 3641 548 3677 eo
564 3626 648 3676 minus
664 3627 712 3677 sibi
749 3627 840 3688 epulis,
850 3628 942 3690 quibos
959 3642 991 3676 ea
1005 3641 1069 3690 gens
1087 3629 1224 3692 plurimum
1236 3631 1284 3681 de·

78 3703 82 3709 '
179 3710 288 3766 matres,
316 3717 392 3767 quum
423 3708 523 3765 patres,
552 3707 713 3765 temperant;
750 3701 1014 3752 ditafuissedicitur.

178 3779 258 3844 idque
277 3777 418 3842 precipue,
431 3775 453 3824 si
472 3776 591 3838 lugeatur
607 3784 635 3824 et
646 3778 713 3840 pins,
782 3780 813 3825 12
824 3777 876 3826 Aut
886 3776 1023 3826 Lanuuinus
1030 3779 1093 3841 oter]
1109 3778 1140 3826 ln
1149 3780 1206 3828 aliis
1216 3796 1282 3832 acer.

166 3859 207 3904 'et
225 3854 326 3914 unicus,
352 3858 380 3901 et
400 3865 431 3900 eo
454 3851 566 3898 maxime
588 3851 711 3914 temporis
782 3856 812 3901 1³
833 3852 1037 3915 Ulmecsqrsoqae
1048 3852 1179 3916 ottingam]
1196 3857 1283 3907 Vero.

178 3936 287 3992 puncto,
298 3942 349 3993 quo
365 3927 469 3976 miserae
489 3933 584 3975 matres
601 3927 646 3976 illu
662 3928 712 3977 sibi
748 3942 782 3977 na
792 3927 860 3977 euim
871 3933 911 3976 est
921 3941 954 3975 ex
964 3927 1042 3975 Italia
1052 3928 1234 3990 transpadana.

178 4011 319 4067 tantopere
330 4003 427 4069 dilecta
438 4016 485 4050 ora
501 3999 609 4051 flammis
625 4002 711 4052 ferali·
780 4006 812 4052 14
838 4002 921 4065 hait]
949 4001 993 4050 lta
1014 4000 1138 4052 dicebaut
1166 4012 1282 4071 veteres,

175 4078 227 4128 buo
239 4078 344 4142 depasci
355 4079 458 4127 vident:
475 4077 501 4125 in
513 4091 564 4142 quo
577 4078 643 4126 tauti
657 4079 711 4141 eju·
747 4091 808 4138 non,
835 4082 864 4125 ut
885 4090 963 4135 nuuc,
981 4076 1054 4125 boot.
1086 4079 1179 4143 virgil.
1195 4082 1279 4134 ‘lavit

173 4153 247 4204 latus
270 4153 379 4207 excitari
399 4155 493 4216 solent,
513 4157 542 4202 ut
563 4150 621 4215 ipso
642 4166 709 4218 pene
746 4150 863 4214 improba
874 4155 943 4200 teter
954 4149 1010 4198 Ora
1020 4151 1114 4205 cruor.'
