2752 4694
197 321 265 389 flffl
525 331 722 383 recursus
745 329 961 384 uniusnuuu

197 489 272 549 torte
283 483 387 545 oculos
401 482 505 543 eaden
518 482 672 562 scriptoris
683 482 802 564 corpori
821 502 876 544 sun
888 483 957 545 loco
969 482 1079 545 usura
1091 480 1182 545 eitius
1194 482 1305 546 luteris·

196 593 272 650 seut.
313 582 390 642 Num
404 582 634 653 eustermonat,
651 586 782 645 πλεῖστοι
794 584 889 657 dpynl,
903 579 993 658 putrui
1015 577 1140 641 subdam
1152 580 1304 642 auditio·

194 701 261 743 uem
276 677 439 741 musaeum
448 676 578 756 integros
587 677 689 755 legant
700 687 854 739 auctores:
876 677 963 739 multi
974 684 1088 748 nonam,
1102 677 1157 756 qui
1168 697 1222 738 ens
1234 677 1304 738 nbi-

196 785 241 836 ter
254 776 402 843 evolvunt,
426 773 521 832 missis
544 773 675 845 utilibus,
698 783 730 832 ut
750 775 882 849 κάνθαροι
904 774 1017 833 irruunt
1030 775 1069 832 eis
1086 777 1141 844 τὴν
1164 780 1300 851 mepta,

195 872 282 950 cujus
295 881 385 950 gustu
397 878 544 940 tenentur,
558 889 705 947 quumque
717 870 849 946 audent
861 879 892 932 ct
901 868 1085 947 gratulantur
1096 868 1154 928 sibi
1174 871 1219 931 ab
1238 870 1303 930 edi·

194 968 310 1030 toribus
322 975 487 1045 congestum
501 966 592 1027 veluti
604 966 633 1026 iu
647 967 810 1027 cumulum.
848 967 938 1047 Angli
958 967 1077 1045 quidem
1102 965 1222 1045 quoties
1235 966 1302 1027 edi-

194 1065 289 1124 tiones
311 1064 340 1122 in
363 1081 449 1122 usum
462 1062 603 1140 Delphini
625 1073 764 1122 curarunt
786 1063 902 1135 recudi,
922 1065 990 1125 loca
1013 1063 1063 1123 illa
1085 1063 1148 1122 suis
1168 1082 1300 1141 pureque

192 1160 267 1221 locis
278 1159 475 1229 restituerunt,
485 1159 542 1218 etsi
555 1158 682 1219 vicissim
694 1158 806 1221 indices
820 1159 949 1221 omnium
963 1158 1176 1219 venustorum
1198 1158 1298 1218 minus

194 1257 298 1334 plenos
311 1256 419 1335 passim
433 1255 473 1315 ab
485 1254 541 1314 illis
554 1255 686 1316 exbiberi
696 1255 776 1315 dolet
799 1257 909 1316 Tbnm.
929 1255 1053 1317 Crenius
1065 1264 1145 1332 part.
1159 1270 1219 1314 111.
1233 1253 1298 1315 uui·

194 1353 338 1413 madvers.
352 1373 384 1431 p·
400 1351 430 1414 6.

235 1447 314 1509 1686
335 1449 403 1509 Cat.
417 1448 488 1508 Tib.
504 1449 592 1527 Prnp.
607 1467 634 1506 c.
647 1448 728 1509 Galli
742 1447 875 1526 fragium.
889 1451 985 1508 Amst.
1000 1455 1052 1508 24.

236 1541 310 1615 1691
334 1544 443 1605 Catull.
464 1566 481 1604 e
502 1564 562 1627 reu.
583 1544 621 1604 Is.
641 1545 748 1616 Vossii,
771 1543 879 1619 Ultraj.
903 1544 1048 1603 sumtibus
1070 1542 1245 1613 smerdis,
1266 1554 1296 1605 4·

193 1648 225 1702 et
236 1649 352 1701 mutato
366 1649 479 1701 tantum
493 1640 590 1718 primo
603 1639 684 1710 lolio,
701 1639 798 1719 bugd.
813 1641 881 1699 Bat.
895 1657 945 1717 ap.
961 1640 1026 1698 Pet.
1039 1657 1095 1698 van
1108 1637 1163 1697 der
1174 1641 1233 1700 Aa.

236 1734 312 1807 1697
335 1737 444 1797 Catull.
464 1756 499 1798 er
521 1737 592 1799 edit.
615 1736 718 1808 Vnssii,
739 1757 793 1816 per
815 1736 908 1797 llsdr.
927 1734 1142 1797 Beverlandunr
1162 1747 1296 1796 cumton

190 1833 287 1912 Lugd.
301 1833 366 1894 Bat.
380 1842 409 1894 t.
1092 1840 1097 1848 '

235 1938 311 1998 1702
333 1931 400 1991 Cut.
427 1929 499 1990 Tib.
529 1939 560 1990 et
588 1933 677 2012 Prnp.
700 1949 791 2011 opera
811 1931 851 1991 ad
871 1931 1054 2009 optimorum
1078 1928 1294 2008 exemplarium

190 2026 281 2090 1111111
307 2027 462 2089 recensita.
488 2029 562 2091 ricc.
589 2029 735 2091 variantes
748 2028 890 2089 lectiones
910 2047 928 2088 e
948 2027 1022 2087 Mss.
1037 2023 1248 2105 cantabrigia,
1261 2037 1293 2090 4.

188 2125 330 2206 inpensis
360 2127 426 2187 Jsc.
450 2125 588 2185 Touana.
636 2125 802 2206 Splendida
830 2133 862 2185 et
882 2126 960 2185 iuter
985 2133 1099 2183 ceteras
1125 2123 1295 2201 conspicue

189 2221 281 2284 rditin
300 2222 381 2302 ipsos
395 2226 501 2300 poetas
514 2221 764 2284 emendatissimus
777 2221 907 2282 exbibet.
947 2219 1053 2280 liditnr
1073 2238 1135 2278 rur.
1149 2219 1220 2280 lect.
1238 2221 1294 2280 sd-

182 2315 259 2395 jecit
272 2337 341 2378 cum
369 2336 405 2376 ex
429 2315 554 2375 aliorum
567 2326 712 2377 annotatt.
726 2325 892 2396 excerptas,
910 2325 972 2376 tum
986 2335 1024 2377 ex
1038 2314 1117 2376 cod.
1130 2315 1293 2390 Landsnsi,

189 2412 395 2473 collationibus
404 2411 433 2470 in
443 2411 571 2488 margine
582 2412 696 2472 Aldine
706 2411 874 2490 adscriptis,
883 2411 950 2470 aliis
963 2409 1171 2471 collationibus
1181 2413 1293 2473 Octar.

190 2509 323 2581 Ferrarii,
337 2508 406 2567 item
415 2527 451 2566 ex
466 2507 594 2586 antiquis
607 2506 680 2566 edit.
690 2509 765 2585 ch.
780 2508 853 2586 Lep.
869 2506 950 2566 Bris.
966 2507 1039 2565 Ven.
1053 2505 1121 2565 Ald.
1137 2507 1236 2568 Colin.

232 2613 310 2673 1710
331 2605 399 2662 Cat.
419 2601 489 2660 Tib.
511 2601 600 2679 Prnp.
615 2620 650 2660 ex
671 2621 784 2662 reeens.
800 2604 849 2662 lo.
864 2604 935 2661 Ant.
960 2601 1291 2681 VulpiiBergnmensis,

187 2716 255 2758 cum
283 2695 420 2774 ejusdem
448 2695 712 2756 observationibus.
735 2696 856 2768 Patavii,
877 2717 927 2776 ap.
949 2698 1012 2758 Jns.
1034 2697 1162 2769 Cornus,
1177 2710 1208 2760 4.
1252 2706 1293 2762 Et

71 2828 73 2833 >
186 2792 369 2866 udnlssneus,
398 2800 428 2852 et
455 2791 588 2851 nondum
620 2791 680 2852 sisa
706 2793 942 2866 Bronlrbusiana‚
970 2794 1047 2853 hanc
1078 2795 1219 2856 emiserat
1246 2798 1293 2857 vir

184 2889 383 2953 doctissimus.
406 2889 503 2949 Multa
516 2890 686 2950 retractavit
701 2891 730 2950 in
743 2891 792 2951 ed.
806 2892 978 2969 posteriore.

228 2995 305 3057 1712
326 2985 514 3065 Pervigilium
544 2987 664 3046 Veneris
692 3006 719 3045 e.
748 3007 777 3046 n.
809 2986 843 3047 P.
873 2985 989 3058 Pitboei,
1018 2986 1117 3066 lipsii,
1140 2987 1289 3050 salmasii.

184 3085 310 3146 Ausonii
336 3083 459 3164 Cupido
481 3083 562 3143 cruci
581 3083 695 3155 affixus,
721 3104 749 3144 c.
778 3103 809 3144 n.
833 3101 907 3143 uarr.
937 3085 1043 3162 Hagen.
1064 3082 1219 3145 Editnrem
1240 3088 1289 3147 Jn.

182 3180 330 3241 clericum
343 3201 410 3242 esse
422 3180 591 3258 suspicetur
604 3183 649 3241 Cl.
670 3179 852 3259 Wernsdnrf.

224 3283 303 3344 1713
324 3277 355 3335 iu
371 3277 503 3353 Corpore
516 3275 682 3346 Poetarum,
697 3277 792 3337 Lnnd.
806 3277 860 3336 fnl.
873 3278 956 3353 (cura
967 3275 1136 3352 Maittarii.)

225 3377 303 3439 1715
325 3371 391 3430 Cat.
421 3371 491 3430 Tib·
522 3371 612 3449 Prnp.
648 3391 746 3448 opera.
779 3372 935 3432 Accedunt
962 3372 1097 3450 quaedam
1124 3375 1288 3438 eorundem

181 3465 339 3529 Psiturum
352 3463 480 3526 carmina
505 3466 611 3526 Graece
626 3485 717 3538 versa,
734 3487 801 3527 cum
823 3468 881 3528 oda
906 3468 1045 3548 Sapphus
1065 3469 1289 3532 1011111111

180 3560 306 3635 reddita,
328 3572 358 3623 et
381 3581 449 3623 cum
469 3561 566 3622 indice
588 3562 719 3640 copioso.
746 3565 842 3625 Lnnd.
866 3567 932 3625 lac.
960 3565 1159 3635 Tonsnu,12.
1187 3569 1289 3630 Micb.

180 3658 325 3720 Muittarii
336 3678 408 3720 curu
417 3657 537 3740 prodiit.
560 3660 604 3718 Es
615 3659 847 3739 Cantabrigieusi
858 3661 982 3739 repetita
992 3669 1048 3733 est,
1064 3682 1120 3721 una
1133 3648 1205 3723 cum
1217 3667 1287 3726 Vae.

181 3755 262 3816 bant.
278 3756 408 3835 Adjscta
422 3756 534 3829 tabula,
549 3775 609 3835 qua
623 3756 829 3835 Scaligeriauan
843 3758 1086 3836 transpositiones
1100 3771 1288 3841 comparatae

179 3858 257 3924 sunt,
272 3853 341 3913 item
357 3855 464 3914 Graeca
472 3853 568 3914 versio
583 3854 790 3915 nonnullorum
806 3855 969 3915 carminum
979 3877 997 3916 a
1007 3855 1201 3936 Scaligernet
1216 3861 1287 3920 Flo·

178 3955 260 4008 rente
271 3949 439 4011 Christiane
452 3950 542 4010 lacta.

224 4053 300 4112 1723
322 4047 390 4107 Cat.
404 4047 473 4108 Tib.
487 4047 574 4126 Prnp.
588 4045 626 4105 ad
643 4045 732 4106 fidem
748 4049 927 4128 optimorum
944 4051 1155 4130 exemplarium
1179 4073 1286 4115 receu—
1314 4066 1319 4075 ¹

72 4155 81 4197 ⁸.
180 4136 238 4209 siti,
254 4159 322 4201 cum
346 4145 422 4205 Mas.
447 4164 507 4204 vur.
532 4144 615 4206 Lect.
630 4144 752 4220 urargini
772 4147 930 4226 appositis,
946 4148 984 4208 ad
1000 4149 1198 4210 celsissimum
1222 4155 1285 4212 An-
