2752 4694
1169 339 1236 404 693

132 509 191 555 epar
207 491 337 553 ipulpm
348 489 381 539 *ll
396 489 453 555 apis
466 490 568 541 ratdn
578 489 663 542 Πιλιά·
699 490 836 546 Autronius,
855 493 996 554 ‘suprema
1012 493 1073 542 rnilri
1090 509 1167 559 quum
1188 510 1233 545 ve·

134 570 192 629 διιις
208 569 285 617 sauia
299 564 326 627 γ’
340 565 369 615 ὃν
384 564 425 616 oir
439 565 548 630 Δίειιινιό
558 569 582 629 μ’
592 567 664 618 olaors
700 569 767 618 nerit
778 567 852 629 hora,
870 567 927 618 Nec
943 575 1043 619 metuat
1059 577 1171 620 mortem
1183 571 1233 622 sibi

134 640 166 692 ὃν
185 640 275 706 rarlpa
289 639 439 693 κατέκτανον.
471 643 588 694 Quorum
605 658 663 708 par·
701 644 1041 709 coasciavltaaecoptett'
1057 647 1233 697 Catullnsboe

134 728 188 770 teuc
196 718 327 783 expressit
333 719 430 768 Bnaim
439 718 572 783 apudcic.
589 720 664 773 ‘Quo
701 722 757 787 ipso
768 722 899 784 Carmine,
910 724 917 751 ‘
931 722 1016 774 Quam
1028 720 1075 771 tibi
1092 721 1179 772 fallaci
1191 738 1234 772 sn·

134 811 202 847 nanc
213 810 255 846 me
267 796 382 845 vertam?
399 796 467 860 quod
478 796 530 845 iter
541 795 664 859 incipiam
700 812 792 862 premo
803 797 831 847 in
842 804 959 861 tempore
975 796 1086 847 deesse!
1120 797 1191 848 Hinc
1208 806 1236 848 et

134 873 252 937 ingredi?
268 874 381 923 Domum
400 879 578 936 paternamue,
598 888 665 924 anns
701 878 845 939 ‘suprema
862 873 934 923 ‹lies'
959 888 1028 937 sepe
1047 872 1116 937 apnd
1141 873 1237 924 Polites

135 949 169 999 ad
185 950 269 1000 Pelle
286 949 378 1000 filiaal'
396 950 546 1016 Eleganter,
565 958 594 1000 ut
610 966 664 1001 oru-
701 965 750 1016 pro
771 951 862 1000 ultima
883 951 998 1014 ponitur,
1019 957 1047 998 et
1077 951 1236 1013 ‘suprema’

135 1027 186 1090 nia,
197 1034 226 1078 et
236 1026 314 1078 oud.
329 1027 398 1080 hanc
411 1026 520 1092 figuram
532 1029 665 1080 transtulit
701 1039 809 1076 numero
826 1024 999 1075 multitudiuis
1017 1038 1065 1087 pro
1085 1022 1175 1072 ultima
1193 1037 1237 1073 uo·

134 1103 324 1154 inMet.v111.
348 1103 385 1152 sic
407 1101 476 1151 euim
496 1103 611 1170 loquitur
631 1117 665 1153 ex
703 1104 803 1152 lautate
824 1098 942 1150 defuncti
968 1101 1037 1164 apud
1064 1099 1186 1150 Taciturn
1208 1108 1237 1150 et

134 1193 246 1244 persona
264 1178 370 1242 Scyllae,
387 1176 476 1226 ‘Naar
493 1190 544 1241 quo
563 1176 668 1227 deserta
702 1176 918 1230 Juriscorrsultoa.
942 1176 1026 1225 Item*
1040 1175 1178 1241 suprema,'
1190 1189 1238 1240 pro

134 1254 269 1304 revertar?
293 1254 326 1303 ln
344 1252 473 1317 patriam?
489 1259 612 1316 superata
625 1253 667 1316 ja·
703 1251 809 1317 iis,quae
826 1249 1239 1316 ‘novissimaverba'dlxitvirg.

135 1339 195 1381 cet:
222 1329 268 1379 scd
291 1329 360 1393 tinge
381 1329 666 1392 manerefroouiona
703 1326 783 1392 Apnd
795 1326 904 1381 Quintil.
925 1327 1043 1376 Declam.
1060 1339 1123 1376 rur.
1149 1325 1240 1376 ‘Vidi-

135 1406 292 1456 meaclansa
304 1412 344 1455 est
354 1406 425 1455 milri.
448 1405 536 1456 Patris
552 1405 585 1455 ad
602 1407 666 1456 ora?
704 1419 761 1455 nius
771 1404 853 1468 igitur
867 1401 1019 1470 frequenter
1035 1403 1069 1452 ad
1086 1403 1165 1453 vitam
1178 1408 1238 1467 post

135 1483 221 1534 Quem
235 1482 284 1532 tibi
303 1481 396 1530 donari
407 1480 434 1531 3’
467 1481 528 1531 Hoc
544 1480 667 1531 videntur
704 1481 864 1531 conclamata
870 1493 992 1543 suprema
998 1476 1138 1529 redeuutes
1144 1477 1237 1544 r’qaod

135 1558 214 1608 etiam
240 1557 397 1621 pertinuisse
423 1571 515 1608 versus
540 1555 615 1607 Accii
639 1558 667 1606 in
704 1564 863 1621 postremum
890 1555 966 1606 valde
996 1553 1080 1605 faeiat
1103 1552 1238 1604 firmandas

136 1634 236 1697 Atreo;
254 1648 319 1699 quos
336 1635 374 1685 sic
395 1635 455 1699 lego
476 1641 505 1685 et
525 1635 667 1700 dlatingao,
704 1633 818 1697 opinioni
825 1629 1240 1695 schecklanas,qnamquplstola

479 352 519 401 IN
545 348 752 402 GATUBLUM
779 353 897 400 NOTAE.

137 1726 213 1776 quom
240 1711 430 1775 corruptissimi
458 1711 570 1761 edantur
597 1711 666 1777 apud
705 1709 892 1775 edmeposnit
907 1703 1236 1768 inPremessls,nbiilln‹l

136 1787 250 1838 Nonium
260 1803 268 1838 r
280 1787 387 1853 ‘Egone
396 1786 521 1853 Argivum
529 1788 668 1853 Imperium
705 1786 794 1837 Plauti
804 1785 932 1848 Asinaria,
949 1785 1060 1834 ‘Mater
1076 1781 1138 1833 milri
1148 1794 1238 1845 supre-

136 1865 273 1928 attingam,
289 1878 322 1913 an
338 1863 449 1927 Pelopia
465 1864 558 1928 digner
575 1865 667 1914 domo?
704 1877 773 1913 mom
785 1861 926 1925 tuadixit‚'
943 1861 1023 1911 trahit
1039 1858 1073 1909 ad
1086 1860 1154 1908 lrune
1165 1858 1237 1908 iisne·

138 1939 205 1990 Quoi
224 1953 265 1988 me
284 1939 441 1989 ostendam?
457 1939 526 2004 quod
544 1941 668 2004 ternplum
706 1954 763 1989 rum
774 1939 853 1993 ritum
864 1952 905 1988 me
915 1953 966 1989 non
978 1938 1094 1986 nolente·

138 2013 244 2063 adeam?
260 2015 343 2066 Quem
360 2029 405 2064 ore
416 2012 521 2063 funesto
530 2013 671 2079 alloquar?
737 2017 787 2064 tol
803 2013 897 2063 Aaaalt
911 2014 1001 2064 issicio
1015 2013 1131 2061 mast
1144 2010 1240 2060 anniae

137 2089 232 2140 Similis
242 2091 380 2140 sententias
392 2089 495 2152 argutia
510 2089 581 2153 apud
591 2090 670 2139 Sene·
706 2086 796 2150 metor]
819 2088 934 2152 Dignam
953 2094 1027 2150 nota,
1044 2086 1175 2135 ‘numen’
1196 2085 1240 2134 iric

138 2181 194 2216 cam
211 2166 236 2215 ln
254 2165 350 2214 Medea
366 2171 415 2227 est,
430 2155 594 2214 ‘Penatibus
611 2177 669 2228 pro·
707 2178 756 2229 pro
774 2169 838 2213 nntu
854 2163 948 2227 accipi,
964 2170 993 2213 nt
1010 2170 1039 2212 et
1049 2162 1075 2211 in
1092 2162 1137 2211 illo
1149 2161 1241 2225 Vispil.

136 2241 230 2307 fugere
240 2256 319 2307 quam
330 2241 401 2306 cogis
418 2239 479 2303 tuis,
495 2237 537 2289 Ad
555 2254 619 2305 quos
630 2254 671 2289 re·
708 2241 765 2290 AEn.
783 2251 834 2288 ιιι.
861 2238 959 2290 ‘Quod
980 2243 1097 2287 nostrum
1119 2235 1240 2286 samarit

137 2319 236 2368 mittis?
259 2317 355 2367 Phasin
377 2325 406 2366 et
428 2315 538 2367 colchos
558 2315 670 2381 petam?
707 2314 783 2367 sotis
799 2314 910 2364 victoria
925 2313 1048 2375 Martem,
1066 2313 1142 2365 Quod
1154 2311 1239 2376 potins

138 2392 312 2456 Patrlnmqne
331 2392 459 2455 regnum?
486 2404 595 2456 quaeque
617 2387 670 2440 fra·
708 2408 776 2455 reor,
794 2400 823 2443 et
841 2391 929 2458 potius
947 2392 983 2441 Dl
1001 2391 1105 2441 numine
1121 2389 1242 2442 tirraent!

138 2474 228 2518 ternus
236 2480 315 2517 cruor
324 2465 448 2517 Perfudit
454 2466 532 2516 ama?
543 2479 606 2531 quas
615 2466 670 2530 petl
707 2470 752 2520 Sic
762 2471 770 2498 ⁸
781 2468 897 2520 momen'
914 2480 963 2532 pro
975 2469 983 2498 ⁶
996 2462 1142 2518 momento’
1153 2467 1241 2531 sapis·

139 2541 223 2596 terras
236 2544 332 2609 jubes?
349 2545 414 2597 Qum
431 2543 512 2593 maria
527 2542 670 2593 monstras?
706 2546 782 2608 alme,
794 2555 822 2595 et
836 2547 845 2575 ⁴
857 2543 997 2595 t‘ulmento’
1013 2542 1159 2608 alibilegas
1170 2543 1240 2609 apud

137 2620 244 2670 vPontici
254 2620 343 2671 fauces
351 2619 431 2671 freti?
443 2621 497 2672 Per
508 2633 572 2687 quas
580 2619 669 2670 revexi
707 2621 800 2672 Manil.

138 2696 237 2747 noblles
248 2697 348 2760 Regum
358 2710 449 2746 manus
460 2694 616 2747 Adulterum
630 2710 670 2745 se·

139 2778 202 2820 cuta
224 2785 272 2834 per
287 2770 507 2836 Symplegadas?
528 2773 627 2823 verum
642 2772 670 2822 in

871 2749 994 2801 CAPUT
1012 2747 1077 2798 vll.

139 2847 178 2897 lrls
190 2848 264 2897 unius
274 2848 372 2899 vocula
384 2847 527 2897 mutatione
539 2846 614 2897 valde
627 2860 670 2896 sne
708 2849 807 2911 ‘Foru'
819 2852 827 2879 ‘
837 2865 943 2915 magnus
953 2851 1047 2901 casus!
1067 2851 1182 2914 Vulgata
1189 2851 1241 2900 lec·

139 2921 255 2972 erexisse
265 2922 421 2973 seutentiam
430 2929 493 2985 puto
504 2921 671 2971 rescribendo

140 2999 168 3047 ln
189 2998 284 3059 medio,
310 3000 425 3063 ‘quaene
443 2995 575 3046 fraternus
595 3011 673 3046 croor

140 3072 263 3124 Perfudit
273 3089 333 3123 arva
342 3073 365 3122 l'
383 3071 452 3138 quod
464 3088 497 3123 ex
510 3073 672 3136 Catullianis,

140 3164 198 3215 quse
218 3150 316 3200 adduxi
333 3149 421 3212 modo,
439 3150 537 3199 clarum
553 3165 611 3200 esse
628 3165 673 3214 po·

140 3227 202 3277 terlt
218 3228 249 3276 lis
263 3227 307 3288 qui
319 3226 467 3276 attendent.
499 3225 560 3276 Huc
572 3241 673 3292 quoque

140 3299 206 3352 l'aeit
225 3300 352 3365 Apuleius
371 3300 459 3351 Miles.
480 3300 526 3350 lib.
547 3315 575 3352 v.
601 3301 673 3352 ‘Sed

139 3391 210 3428 nunc
229 3376 314 3426 irrisui
331 3376 421 3426 habita
437 3375 498 3442 quid
517 3378 608 3441 agam?
622 3391 674 3443 qno

140 3466 184 3505 me
198 3450 350 3503 conferam?
364 3450 457 3516 qulbus
475 3452 556 3502 modis
576 3453 674 3504 stellio·

140 3538 200 3580 aem
211 3529 289 3578 istum
300 3528 451 3579 cohibeam?
466 3528 593 3579 Petamne
604 3529 676 3581 auxi·

140 3607 202 3656 llum
211 3606 242 3656 ab
253 3605 356 3657 inimica
366 3617 425 3656 anea
433 3605 592 3670 Sobrietate,
599 3621 674 3672 quaro

141 3689 250 3746 propter
261 3681 337 3748 liujus
346 3681 426 3746 ipsius
437 3675 564 3734 luxuriam
576 3681 675 3734 offendi

143 3759 269 3824 saepiusl’
477 3820 479 3824 v

175 3839 221 3884 191
235 3832 675 3900 Gelesluarqsestdempostroaaoom·

137 3923 223 3972 precer
233 3907 302 3972 liora]
320 3909 372 3958 Vix
384 3916 433 3970 est,
442 3914 473 3958 ot
483 3922 534 3957 non
545 3922 578 3957 ex
590 3909 676 3972 glossa

142 3984 170 4031 in
181 3989 331 4035 contextum
340 3983 477 4048 irrepsisse
486 3989 575 4046 putem
582 3988 675 4047 poure·

142 4072 192 4119 rao,
204 4064 231 4107 et
240 4058 430 4109 rescribendum
441 4072 560 4124 supremo.
581 4058 624 4108 Sic
635 4058 677 4108 'li-

741 2925 779 2974 tio
788 2925 815 2973 in
822 2925 932 2974 Manilio
943 2924 1088 2975 defensa-'et
1096 2927 1153 2977 Jos.
1161 2925 1241 2975 Scali-

742 3000 797 3064 gerl
813 3001 1127 3064 iuterpretatlostabilita.
1152 3002 1242 3054 Quare

743 3076 859 3124 Fortuna
874 3077 882 3104 ⁸
896 3075 984 3124 Hera’
1002 3078 1183 3140 cognominata
1193 3079 1244 3128 llo-

724 3147 834 3199 ‘mania
871 3150 984 3201 Plautini
1003 3165 1091 3201 uersus
1113 3153 1242 3217 argutiam

744 3225 777 3275 als
797 3224 922 3288 Euripide
941 3241 997 3275 essa
1016 3235 1156 3278 ostensam.
1189 3229 1241 3279 Pa·

744 3300 994 3370 pininslllnstratus.
1028 3303 1102 3354 Nero
1111 3302 1241 3355 defensus.

742 3376 876 3440 ‘Clangor
894 3378 1029 3430 caclriuui.⁸
1063 3381 1170 3432 Seneoae
1186 3382 1242 3432 imi-

744 3453 818 3504 tatio.
847 3454 977 3504 Martialis
986 3457 1009 3505 si
1017 3454 1086 3506 l'orte
1095 3465 1242 3507 eorrectusz

744 3528 1243 3596 ‘platanones,’‘irrcauos,’‘inviuctas.'
1308 3548 1321 3557 ·

745 3604 895 3654 Callimachi
905 3606 1089 3671 Fragmentum
1101 3605 1242 3670 quoddam,

745 3680 967 3743 quopertinuerit,
975 3681 1157 3745 conjectatum.
1177 3679 1243 3727 Orl-

744 3755 815 3804 diani
827 3755 878 3804 loci
892 3755 1040 3806 illustratio.
1073 3752 1243 3803 Germanicus

745 3829 914 3880 emaculatus.
946 3831 955 3859 ‘
966 3830 1013 3880 Dii
1024 3824 1163 3892 parentes‚’
1174 3831 1181 3856 ⁸
1191 3827 1241 3875 Pe·

745 3904 963 3969 nates,'‘Patrii.'
976 3904 1081 3954 Catullo
1089 3901 1172 3951 tribus
1180 3902 1243 3952 locis

745 3980 874 4031 medicina
885 3986 913 4029 et
922 3976 1038 4042 pluribus
1047 3976 1089 4023 lux
1100 3972 1177 4025 facta.

743 4055 794 4110 ite
813 4059 874 4108 cam
890 4061 914 4106 le
934 4055 1043 4102 reducem
1059 4065 1110 4101 sors
1129 4066 1242 4117 proepera

135 4132 208 4184 nott.
236 4133 293 4182 ‘'l'e
311 4141 440 4199 spectem,
468 4143 590 4199 suprema
613 4134 674 4185 mihi
712 4127 1242 4197 uuel11regerinrlnbons,fersprorpsrs.

144 4207 316 4260 cumvenerit
331 4208 420 4260 horas'
437 4218 465 4261 et
480 4209 572 4264 iisdem
589 4211 675 4266 verbis
713 4213 785 4274 Foro,
795 4203 823 4259 lo
835 4212 885 4271 est,
896 4205 1025 4256 Fortunas
1043 4203 1080 4256 sle
1092 4205 1243 4257 eolmvsca·
