2752 4694
330 309 334 315 -
382 281 609 336 recuruum
635 284 789 336 canusa
815 246 927 338 xeno
1143 277 1208 343 651

151 428 165 477 3
183 424 248 475 Nam
269 428 362 491 mgna]
387 427 419 476 Id
438 435 487 491 est,
509 430 644 490 sacerdon
713 434 730 478 9
748 431 978 497 Tusatisicidaete]
994 432 1036 483 Ila
1053 448 1157 498 prorsus
1175 437 1211 485 le·

116 501 240 565 ejusmodi
252 515 312 563 ergo
322 502 645 563 matrimoniissaeerdotes
682 504 793 567 gendum
806 505 922 568 videtum
935 510 1037 558 tametsi
1045 517 1085 560 est
1097 512 1123 559 in
1132 513 1212 561 omni·

114 577 331 640 suscipiebantur,
343 593 391 626 non
404 579 466 628 item
477 579 528 628 alii.
560 579 644 642 Signi·
681 580 728 630 bus
739 579 795 629 fere
805 584 997 646 manuscriptis,
1008 587 1113 636 inducti.

114 651 196 701 ficare
206 653 274 700 enim
283 652 330 700 boo
343 653 459 703 Catullus
470 653 580 704 videtur.
715 655 819 704 Tantum
836 655 882 704 tibi
894 658 1009 717 gandium
1023 661 1048 708 in
1062 663 1124 710 omni
1136 662 1213 725 capa

148 733 163 774 6
183 724 279 776 Gnatus
298 732 325 775 nt
343 733 435 791 accepto
452 734 574 777 veneretur
592 743 644 778 eor·
680 735 724 793 est,
741 731 767 780 in
785 744 927 794 preciumque
944 738 980 780 ea
998 736 1089 796 aliquid
1106 738 1211 800 sceleris]

113 801 178 849 mine
188 800 276 862 Dives]
289 800 399 864 Accepto,
410 802 510 865 sibique
527 817 575 865 per
591 817 644 851 nra·
681 806 779 855 Eadem
804 821 885 870 prope
907 809 1037 857 sententia
1064 811 1132 874 npnd
1155 813 1211 862 Cia.

113 889 162 924 nus
173 874 272 924 tradito
284 890 299 924 a
311 875 460 938 parentibus
477 876 644 938 incestuosit;
680 881 776 945 Philip.
788 895 827 932 ιι.
837 882 958 933 ‘Deinde
969 899 1002 933 ea
1012 884 1146 935 libidinum
1158 893 1211 936 tnr-

112 949 162 999 nisi
173 951 181 976 ‘
192 956 328 1014 acceptum
345 952 468 1016 carmen,'
483 954 531 1003 Dis
543 958 643 1016 gratnm
680 956 781 1021 pitudo,
792 964 821 1006 ut
831 957 857 1007 in
869 958 916 1008 boc
928 959 962 1008 sit
980 973 1083 1022 semper
1099 961 1213 1024 laetatus,

113 1026 188 1075 malis
199 1027 355 1089 intelligere.
680 1033 748 1097 quod
766 1047 798 1082 en
815 1031 923 1097 faceret,
934 1049 992 1099 qnae
1013 1036 1062 1084 sibi
1080 1035 1161 1099 objici
1178 1049 1211 1084 ne

147 1105 163 1149 o
182 1102 308 1150 Omentnm
323 1103 348 1150 in
358 1104 458 1167 flamma
471 1105 561 1167 pingue
571 1106 643 1168 lique·
681 1107 714 1157 ab
725 1109 829 1158 inimico
844 1109 948 1174 quidem
965 1116 1069 1174 possent
1087 1124 1211 1159 verecun-

106 1175 213 1240 snciens]
239 1178 335 1227 Positis
354 1180 380 1227 in
399 1180 484 1242 ignem
503 1181 643 1230 uisceribus
681 1183 740 1233 do:’
759 1190 784 1233 et
805 1199 852 1248 pro
872 1186 979 1247 Milone,
997 1186 1054 1235 ‘Ut
1072 1201 1129 1235 enm
1147 1183 1209 1233 nilril

113 1253 285 1319 victimarum.
317 1253 349 1302 In
363 1257 371 1282 ⁴
389 1253 535 1318 liquefacio'
551 1257 573 1304 E
585 1271 644 1320 pro·
680 1258 826 1309 delectaret
836 1259 907 1323 qnod
923 1267 967 1309 nut
980 1275 1028 1323 per
1039 1268 1158 1311 naturam
1170 1257 1208 1308 fns

113 1327 199 1390 duxit,
207 1335 237 1376 nt
249 1335 276 1376 et
288 1343 358 1391 saepe
375 1330 481 1378 Lucret.
497 1337 527 1379 nt
545 1331 591 1382 lib.
604 1345 643 1382 rr.
681 1341 759 1398 esset,
770 1340 814 1384 aut
825 1348 873 1398 per
884 1335 955 1398 leges
967 1335 1076 1384 liceret?

21 1456 24 1464 ,
112 1402 122 1430 ‘
145 1401 185 1451 Ac
204 1399 359 1451 rarefactum
379 1402 499 1453 detracto
521 1405 645 1469 sangnine

112 1477 187 1525 venis
198 1476 214 1525 :’
231 1484 258 1526 et
267 1477 312 1526 lib.
320 1491 364 1527 111.
387 1478 646 1545 ‘Expergefactiqu
817 1460 969 1513 ΟΑΒΜΕΝ
986 1460 1073 1512 XCII·

113 1560 257 1617 sequnntur
275 1554 360 1602 inania
385 1569 455 1616 saepe
467 1556 483 1603 :'
515 1562 543 1606 et
565 1555 643 1608 ovid.
713 1559 893 1624 ssDispeream,
912 1576 949 1610 me
968 1561 1015 1609 nisi
1034 1559 1119 1609 Lesbio
1135 1562 1212 1625 amat]

113 1631 181 1682 Met.
193 1645 243 1682 vrr.
256 1633 264 1660 ‘
275 1633 342 1680 'l'nra
352 1631 542 1696 liquefaciunt!
681 1633 713 1683 In
724 1636 916 1699 manuscriptis,
930 1635 1024 1698 Lesbia,
1035 1650 1072 1684 me
1083 1635 1210 1697 dispeream

260 1758 411 1810 CARMEN
427 1760 499 1810 XCI·
680 1725 727 1835 ’¹¹⁸3
738 1716 854 1847 ‘'3‘'ng
872 1788 939 1850 qnasi
954 1786 1033 1835 endem
1043 1784 1151 1846 totidem]
1168 1783 1211 1834 Io·

146 1862 209 1909 2In
221 1861 304 1910 mismo
316 1862 447 1910 manustra
461 1861 554 1924 perdito
565 1877 643 1912 umore
680 1860 730 1909 cidi
747 1861 772 1909 in
792 1870 894 1911 veteres
918 1862 997 1911 libros
1016 1859 1049 1910 A.
1068 1859 1155 1910 Gelli:
1184 1858 1211 1906 in

107 1934 176 1996 sare]
184 1934 215 1983 ln
225 1935 356 1983 veteribus
365 1935 482 1984 omuibus
490 1935 557 1984 haud
567 1937 643 1998 paulo
680 1942 756 1985 sexto
765 1951 827 1984 vero
839 1937 895 1999 ejus
912 1937 988 1996 libro,
999 1935 1045 1983 ubi
1061 1935 1103 1984 bic
1115 1934 1211 1983 Catulli

112 2011 214 2069 melius,
226 2012 256 2059 In
267 2010 351 2059 misero
369 2011 410 2058 boe
426 2016 514 2074 nanno,
532 2010 574 2059 boe
588 2027 643 2075 per·
680 2025 769 2059 versus
777 2011 882 2075 legitur,
893 2013 930 2060 sie
942 2016 1000 2059 erat
1011 2009 1147 2071 scriptum,
1159 2008 1211 2062 Quo

111 2083 162 2132 dila
173 2100 258 2133 amore.
679 2086 747 2145 signa
758 2101 804 2147 pan
817 2086 855 2133 sin
867 2087 966 2134 totidem
977 2099 1032 2132 mox
1042 2086 1151 2145 deprecor
1159 2081 1211 2130 illi:

130 2160 223 2214 3de
230 2164 254 2206 te
262 2172 393 2218 cognossem
401 2157 467 2219 bene]
475 2157 643 2207 Ponamduos
680 2158 769 2222 itaque
791 2161 967 2223 conjecturam
990 2157 1043 2206 secl
1065 2157 1212 2219 legendum,

111 2232 158 2281 hos
169 2247 268 2293 versus,
279 2239 308 2280 ut
326 2232 454 2279 nonnullis
465 2232 492 2279 in
508 2233 581 2280 libris
592 2247 644 2281 mn·
683 2234 734 2288 Quo
749 2234 827 2294 signo,
837 2235 905 2295 pansi
921 2234 984 2281 enim
1000 2233 1097 2279 lotidem
1108 2245 1162 2279 man
1172 2232 1213 2278 de·

110 2307 254 2368 nuscriptis
272 2305 376 2368 rectius,
394 2320 450 2354 mea
467 2306 570 2370 quidem
586 2321 643 2355 son·
678 2320 760 2367 precor
771 2307 815 2354 illi.
844 2307 951 2367 Fuerat,
966 2306 1067 2368 opinor,
1078 2305 1115 2355 sic
1132 2306 1212 2368 scrip·

112 2381 206 2440 tentia,
226 2380 362 2441 leguntur:
384 2381 453 2435 Quod
469 2384 493 2428 te
511 2395 643 2441 cognossem
681 2387 753 2430 tnm:
782 2381 834 2436 Quo
849 2381 926 2443 signo,
942 2380 1008 2443 qnasi
1026 2382 1087 2429 enim
1106 2378 1212 2429 totidem.

112 2457 181 2518 bene,
192 2459 361 2505 constantemve
376 2460 492 2518 putarem,
508 2455 560 2504 Ant
574 2470 643 2519 posse
679 2454 762 2504 Simili
778 2454 988 2517 errorofactunr,
1005 2455 1083 2517 ‘sin,’
1101 2469 1212 2520 quoqne,

112 2548 128 2580 n
140 2529 205 2593 turpi
216 2534 314 2578 mentem
325 2530 429 2578 inhibere
437 2530 530 2594 probra.
680 2531 782 2594 opinor,
791 2531 816 2579 in
827 2530 958 2594 Praemia,
968 2545 1019 2595 quo
1029 2528 1212 2592 Hieronymus,

145 2612 159 2653 5
177 2605 224 2654 Sed
235 2620 306 2667 nepae
315 2607 376 2669 qnod
385 2605 495 2668 matrem]
515 2605 568 2654 Hic
580 2617 641 2669 quo·
680 2603 786 2655 Eusebii
797 2601 1107 2669 Chronicon'lnterpres,
1119 2605 1213 2665 utitur,

113 2693 163 2742 qrre
172 2694 260 2728 versus
269 2681 295 2728 in
306 2682 424 2748 exemplo
436 2680 545 2731 Guarini
556 2680 641 2743 aptius
679 2681 706 2730 in
717 2682 767 2731 illis
778 2682 834 2745 ejus
843 2681 939 2745 verbis,
949 2683 957 2710 ‘
969 2681 1026 2731 Nee
1038 2682 1138 2743 ignoro,
1148 2681 1211 2728 nrrrl-

112 2755 218 2818 legitur,
228 2755 274 2803 Sed
284 2757 343 2819 qued
359 2771 401 2804 nee
415 2761 515 2805 mairem
530 2771 572 2805 nee
586 2751 643 2817 gem
678 2762 718 2806 tos
726 2755 792 2818 fore,
801 2759 844 2820 qui
856 2759 932 2806 solito
940 2755 1047 2804 libidine
1058 2753 1212 2804 detrahendi

112 2845 205 2879 monum
216 2846 264 2879 ease
274 2831 388 2880 videbam.
679 2832 806 2891 omnibns,
817 2832 884 2895 qnod
899 2832 976 2879 vitari
993 2844 1043 2878 oon
1056 2835 1151 2891 potest,
1162 2828 1211 2877 nisi

144 2910 161 2953 6
179 2906 250 2966 Cipius
261 2921 296 2954 me
306 2920 404 2966 magnas
414 2905 496 2954 edebat
506 2904 584 2966 amor]
597 2905 641 2953 Sic
678 2906 723 2969 qui
737 2908 839 2954 omuino
851 2907 887 2955 nil
899 2906 1001 2966 scribit,
1012 2905 1072 2953 huic
1089 2903 1210 2952 volumini

112 2983 192 3044 Verg.
213 2981 221 3008 ‘
240 2983 287 3029 Est
298 2982 380 3029 mollis
391 2979 495 3029 flamma
516 2979 641 3028 medullas
680 2981 818 3044 genuinum
828 2980 932 3028 dentem
944 2980 1062 3042 inligant.
1074 2977 1212 3027 calumnia·

112 3057 243 3106 luterear'
261 3064 338 3120 atque
350 3056 419 3118 aiibi,
436 3062 482 3105 ‘et
496 3069 567 3103 caeco
584 3067 640 3102 ear·
679 3057 811 3106 bunturin
830 3064 957 3118 tempora,
976 3061 1129 3104 convertent
1146 3052 1212 3101 ordi·
1278 3046 1282 3053 ’

111 3133 183 3196 pitur
194 3133 247 3194 igni
255 3132 271 3179 ι’
288 3130 412 3190 etniibi,‘
424 3131 476 3178 Hic
488 3143 551 3193 quos
562 3128 640 3175 durrus
679 3145 748 3192 nem,
768 3145 809 3178 res
832 3138 950 3193 nrgnent,
969 3129 1081 3192 syllabas
1103 3128 1212 3178 ventile-

111 3221 183 3256 amor
200 3205 300 3254 crudeli
318 3205 380 3253 tabe
399 3202 519 3266 peredit!
545 3195 651 3249 ‘Edax'
679 3204 762 3265 bunt‚'
782 3209 831 3254 &e
865 3204 965 3255 Quibus
985 3205 1010 3252 in
1032 3202 1127 3267 verbis,
1149 3202 1213 3253 ‘in'

111 3279 198 3331 amor'
210 3280 288 3328 etiam
297 3279 329 3327 ab
338 3278 424 3340 Apoll.
433 3276 513 3326 R.lib.
522 3289 564 3325 ιιι.
577 3275 641 3324 dici·
678 3276 828 3328 mnlsrrdum
841 3280 945 3329 omnino
964 3279 991 3327 in
1010 3277 1114 3342 ‘enim,'
1125 3277 1211 3328 suerat

110 3355 256 3419 trrrladpyos
265 3355 328 3419 ἔρως,
336 3361 373 3416 et,
379 3363 409 3404 ut
417 3355 480 3404 citet
491 3354 548 3417 ejus
556 3351 640 3401 Inter·
679 3353 746 3402 enirn
759 3354 884 3418 scriptum
896 3355 904 3383 ‘
916 3353 1004 3405 enim?
1032 3354 1075 3403 Sic
1086 3361 1171 3404 antem
1183 3363 1212 3406 et

110 3446 183 3499 pres,
193 3432 226 3481 ab
238 3432 413 3494 Anacreonte,
425 3429 522 3496 τωιερὸς
538 3429 559 3478 δ’
576 3427 640 3493 ἔρως.
679 3430 733 3480 Cic.
741 3431 830 3497 junxit
840 3432 864 3479 in
877 3431 968 3494 Laelio,
979 3432 987 3460 ‘
1000 3430 1080 3481 erasi
1092 3431 1160 3480 eninr
1172 3432 1210 3494 ip·

109 3510 185 3558 ldem
206 3506 352 3570 significans
372 3506 448 3568 Sopb.
473 3505 506 3553 de
529 3504 641 3567 Venere,
678 3505 986 3570 sosindnsiloqnentes!
1012 3507 1156 3569 Deprecari
1167 3520 1211 3555 au·

110 3583 247 3643 Ἐντήκεται
253 3583 300 3647 γὰρ
307 3581 443 3642 πλευμόνων
450 3581 513 3633 ὅσοις
522 3579 555 3629 ἔνι
563 3580 640 3643 luxi·
679 3587 732 3630 tem
745 3581 783 3630 sie
795 3582 871 3645 dixit,
882 3589 911 3632 ut
923 3588 949 3632 et
962 3583 1059 3631 Ennius
1074 3583 1100 3630 in
1113 3580 1210 3630 Erech·

111 3661 147 3710 τίς
166 3659 217 3710 oiri
235 3663 260 3707 δε
281 3661 326 3718 τῆς
345 3660 398 3707 θεοῦ
415 3656 502 3721 βορέῃ
528 3657 640 3719 Magnus
679 3657 748 3718 theo,
764 3656 772 3683 ⁴
785 3657 884 3708 Quibus
899 3659 1051 3707 seruitutem
1063 3670 1121 3704 mea
1134 3655 1210 3703 mise·

111 3750 192 3796 amor,
202 3733 279 3784 δεινός.
296 3733 339 3783 Sic
358 3732 520 3794 Plato,'0dn
529 3732 576 3795 γὰρ
586 3730 641 3790 ἡμῖν
678 3732 718 3780 rin
728 3731 873 3793 deprecor!
891 3734 925 3781 Et
935 3723 1209 3792 Chrespborite,‘Ego,

110 3809 210 3872 ὀξυτάτη
230 3827 274 3869 μεν
298 3808 335 3856 διὰ
355 3810 397 3857 τοῦ
416 3808 524 3867 σώματος
546 3806 640 3870 ἔρχεται
679 3822 736 3856 cunr
747 3821 810 3855 meae
820 3807 880 3856 vitm
894 3821 1008 3870 parcam,
1019 3806 1098 3853 lerum
1107 3802 1209 3852 inimico

111 3884 247 3946 αἰσθήσεων,
257 3881 273 3949 ᾖ
284 3882 393 3947 φρόνησις
403 3885 450 3945 οὐχ
460 3885 546 3946 ὁρᾶται·
557 3881 642 3932 δεινοὺς
679 3884 822 3947 deprecor:

284 3963 296 3976 ⁸
473 3959 516 4006 sire
535 3976 572 4006 roe
587 3959 642 4006 ὕων

110 3961 207 4093 guiterii?
223 3959 586 4100 {mgreilipgozs'nnpeixmz
608 4032 641 4084 eis
807 4007 958 4060 CARMEN
976 4002 1096 4104 XCIII(

111 4114 163 4178 ὄψιν
173 4112 215 4165 ἰόν.
710 4116 727 4161 2
744 4112 796 4161 Nee
813 4109 881 4174 seire,
898 4103 1208 4165 emmerentianae
