2752 4694
183 331 248 398 708
531 344 614 394 nos.
636 341 730 391 rrrrr
755 340 873 393 esau.
898 333 938 395 ιἰ.

183 490 289 553 debant,
298 501 357 538 cum
368 487 497 538 solstitiali
511 493 628 552 ternpore
638 487 710 536 laute
750 484 1180 537 Airaavisdesceudatiuveutrsm
1187 483 1286 550 meum,

182 565 320 616 admodum
330 565 457 628 hospitem
468 578 541 613 suum
557 561 711 626 accepisset,
752 561 812 611 Nou
819 569 925 626 attagen
931 562 1286 627 lonicusJuouudior,quanl

183 647 263 704 atque
273 640 307 689 ab
318 639 375 703 ipso
383 637 549 688 'vehementer
559 637 713 699 admirante,
751 637 821 688 lecta
831 638 865 688 de
876 638 1053 703 pinguissimis
1065 636 1144 687 Oliva
1152 638 1234 687 ramis
1245 652 1286 688 ar·

182 715 369 774 undenemjlli
387 729 419 765 co
438 721 557 778 tempore
578 711 639 761 anni
659 719 711 760 tam
751 713 858 764 horum!
881 714 1032 764 Generatim
1042 728 1113 776 vero,
1122 720 1150 762 et
1162 713 1287 763 absolute

183 794 255 843 rsria
276 800 304 843 et
325 792 408 842 multa
424 791 529 842 venatio
549 793 711 855 suppeteret,
751 788 935 851 pronunciavit
948 788 1115 853 idempo‘e'ta,
1129 787 1285 853 (Horatium
1336 789 1341 792 ’

182 884 214 919 ea
224 870 257 919 de
269 883 298 918 re
308 868 399 919 fuisset
409 868 594 931 iuterrogatus,
604 877 711 927 respon·
751 865 878 930 inquam)
889 866 925 928 id,
938 865 1006 931 quod
1023 879 1052 915 re
1061 865 1116 928 ipsa
1130 864 1169 912 ita
1180 877 1288 927 semper

182 945 251 996 disse
263 943 357 1004 fertur,
374 942 544 994 condimentis
557 940 711 990 varietatem
751 941 835 992 lerme
846 957 903 992 esse
915 942 1094 1007 deprehendas
1107 957 1114 990 ε
1127 941 1135 969 ‘
1146 940 1211 988 'lhss
1223 938 1286 990 milri

182 1021 262 1086 illam,
280 1027 309 1072 et
330 1019 444 1084 speciem
465 1017 557 1068 serium
576 1016 659 1066 carnis
678 1029 712 1064 ex
752 1017 867 1067 cosdras
885 1033 967 1082 prope
989 1016 1126 1067 dissentire
1149 1015 1285 1076 videntur,

181 1104 370 1147 mansuetasse
379 1093 652 1157 luissecomparatsm.
672 1089 712 1140 Ac
754 1093 898 1143 Poscentes
910 1094 982 1143 vario
996 1092 1104 1142 multum
1120 1089 1228 1139 diversa
1240 1104 1286 1153 pa·

182 1185 244 1221 rere
262 1170 366 1236 quidem
384 1169 540 1219 Philoxenus
556 1166 636 1232 poiita
655 1179 713 1230 pro·
752 1167 815 1218 lato.
850 1167 920 1220 Quid
942 1168 1019 1218 demi
1045 1165 1109 1231 quid
1131 1178 1184 1214 uon
1205 1164 1286 1213 dem?

182 1247 320 1296 nunciasse
340 1245 466 1308 creditur,
488 1244 533 1309 qui
554 1242 650 1292 dixerit
669 1255 713 1292 eas
753 1243 839 1293 renuis
856 1249 895 1303 tu,
916 1243 990 1307 quod
1003 1242 1082 1305 jubet
1100 1240 1181 1300 slter;
1205 1237 1285 1290 Quod

183 1334 275 1371 carnes
287 1322 449 1382 suavissimas
462 1334 531 1381 esse,
547 1332 605 1384 qnae
622 1331 713 1368 carnes
753 1319 832 1384 petis,
840 1319 866 1368 id
878 1333 940 1369 saue
952 1325 992 1368 est
1003 1317 1114 1366 invisum
1126 1314 1285 1379 acidumque

183 1411 235 1446 non
247 1404 317 1460 sunt,
332 1397 446 1460 itemque
464 1396 555 1459 pisces,
572 1394 616 1458 qui
627 1395 712 1457 pisces
753 1395 870 1445 duobus!
905 1389 1285 1453 t⁷emmenimvero,nehocin

183 1481 314 1523 nonsunt,
336 1473 387 1522 Sed
396 1472 430 1521 de
439 1472 517 1521 totius
524 1468 714 1534 interpretandi
753 1483 794 1519 nse
806 1470 886 1533 palati
897 1477 942 1519 aut
952 1468 1077 1518 stomachi
1092 1466 1156 1516 vitio
1173 1464 1232 1514 tisri
1249 1464 1285 1514 vi-

184 1561 349 1613 geuere,quo
359 1547 584 1612 potissimumhaec
595 1544 714 1608 exempla
753 1545 857 1607 deatur,
867 1545 943 1610 eique
959 1542 1050 1593 morbo
1066 1541 1148 1591 affinis
1165 1555 1225 1590 esse
1243 1555 1286 1588 ex·

184 1630 306 1687 spectare
323 1623 453 1680 videntur,
473 1621 537 1671 alias
554 1620 627 1669 nohis
644 1633 713 1668 cum·
752 1620 861 1682 istimer,
870 1636 947 1685 quem
957 1620 1043 1670 Latini
1056 1616 1219 1682 gravidarum
1231 1631 1286 1665 ma·

184 1698 285 1747 modior
302 1697 404 1748 dicendi
425 1710 481 1746 sese
503 1695 576 1757 dabit
595 1695 713 1744 occasio:
752 1695 856 1758 laciarn,
865 1695 948 1744 κίτταν
958 1694 1046 1744 Graeci
1057 1692 1107 1759 (uti
1116 1690 1194 1755 puto)
1205 1691 1287 1740 uomi-

184 1787 254 1822 uuuc
266 1788 307 1837 eo,
317 1772 386 1823 unde
396 1773 472 1822 initio
485 1770 593 1835 digressi
609 1769 714 1829 suimus,
753 1777 824 1834 uarat,
841 1786 928 1834 operae
949 1770 1063 1834 precium
1083 1766 1163 1816 fuerit
1182 1766 1286 1816 consilii
1360 1813 1368 1820 ,

165 1887 168 1894 .
184 1854 355 1897 revertamur.
385 1846 494 1897 Poetam
505 1848 554 1895 hoc
564 1859 630 1894 auno
642 1843 714 1894 vohis
753 1845 805 1894 mei
816 1846 941 1894 rationem
961 1844 1111 1908 diligentius
1123 1842 1246 1904 reddere,
1257 1846 1286 1891 et

183 1921 316 1986 explicare
337 1922 451 1984 decrevi,
472 1920 615 1970 rationibus
635 1934 651 1968 s
671 1934 713 1968 me
754 1934 829 1984 quam
845 1921 938 1970 merito
954 1921 1084 1969 Catullum
1100 1916 1174 1968 vohis
1189 1931 1286 1981 propo·

184 1997 405 2062 superiusallatis.
433 1996 563 2047 Catullum
574 2009 635 2044 veru
646 1994 714 2044 inter
753 1996 858 2058 saerim,
868 1996 985 2059 pluribus
996 1995 1105 2060 aperire.
1138 1993 1198 2043 Nou
1213 2007 1286 2056 quae·

185 2080 297 2125 caeteros
308 2072 387 2136 elegi,
395 2087 446 2122 uon
457 2071 519 2136 quia
529 2071 636 2135 reliquis
646 2071 714 2119 hunc
753 2084 808 2120 ram
819 2073 905 2120 autem
913 2072 963 2120 hoc
974 2078 1101 2134 tempore,
1111 2082 1144 2118 an
1154 2067 1200 2133 qui
1209 2066 1286 2116 fabu-

185 2148 378 2212 praeferendum
390 2163 446 2198 esse
459 2161 587 2209 censeam,
598 2146 642 2194 sed
655 2145 715 2210 quis
753 2149 805 2197 lam
817 2155 844 2198 et
855 2149 1027 2199 imitationem
1045 2147 1097 2197 suis
1112 2148 1137 2196 iu
1153 2145 1285 2210 polimatis

115 2255 117 2261 ,
183 2225 244 2274 lroic
256 2225 395 2287 nemiuem3
407 2225 494 2289 itaque
504 2223 530 2274 iu
542 2238 572 2273 re
583 2222 714 2285 dubiapo·
753 2238 805 2273 nun
817 2224 950 2288 adhibent,
963 2224 1050 2288 pudtae
1062 2236 1155 2273 numen
1162 2222 1223 2284 jure
1234 2220 1285 2270 sihi

186 2302 225 2351 tui
242 2302 297 2351 siue
310 2301 520 2365 reprehensione,
537 2299 610 2363 quasi
622 2299 714 2348 clausis
754 2299 1287 2361 vendicent;numaliasdehacrecommo·

186 2375 277 2439 oculis,
293 2376 438 2441 quicunque
454 2375 516 2424 mihi
533 2375 605 2437 prior
621 2374 713 2423 obvios
753 2373 811 2424 dius
823 2375 935 2425 sortasse
950 2373 1150 2438 disputabimus,
1164 2371 1285 2420 ostende·

183 2447 243 2511 fnit,
253 2449 321 2499 haud
332 2456 486 2500 cunctanter
497 2450 621 2512 arripere.
652 2449 714 2509 Sed,
753 2464 859 2516 musque
869 2465 918 2500 uec
928 2449 1043 2500 fabulam
1053 2463 1103 2499 nec
1114 2447 1285 2497 imitationem

184 2531 215 2574 ut
231 2525 392 2588 Lucretium,
409 2525 555 2589 Virgilium,
567 2525 715 2589 Horatium,
753 2526 778 2574 in
790 2541 882 2576 caussa
892 2541 958 2590 esse,
968 2532 998 2577 ut
1009 2526 1066 2590 quis
1078 2537 1139 2574 vere
1149 2522 1228 2587 poeta
1239 2537 1285 2571 uo·

184 2601 324 2664 Tibullum,
340 2602 507 2664 Propertium
524 2602 550 2648 in
568 2601 714 2650 uuiversum
753 2600 847 2650 minati
855 2602 959 2664 debeat,
967 2603 1005 2651 ita
1014 2607 1052 2662 ut,
1062 2599 1106 2664 qui
1118 2604 1230 2662 utroque
1239 2602 1285 2645 aut

184 2675 294 2725 mirifice
306 2677 434 2740 suspicio;
454 2678 493 2726 ita
508 2677 622 2740 privatas
640 2690 713 2740 quas·
754 2677 880 2729 alterutro
892 2685 992 2740 careat,
1005 2677 1054 2726 hoc
1065 2676 1167 2724 nomine
1179 2688 1286 2738 prorsus

184 2750 245 2800 dam
260 2766 363 2802 caussas
373 2753 464 2816 haheo,
474 2767 521 2802 cur
532 2752 660 2803 Catullum
672 2765 713 2800 re·
753 2752 872 2816 indignas
884 2752 1074 2803 ceuseudussit.
1091 2744 1149 2800 Nec
1158 2751 1285 2810 meister,

183 2827 320 2878 hementer
329 2830 469 2880 extollam:
482 2828 568 2892 mitto,
578 2827 648 2892 quod
657 2826 713 2891 ejus
754 2830 892 2880 absurdum
907 2832 956 2879 hoc
972 2830 998 2877 iu
1009 2827 1097 2893 specie
1108 2825 1236 2875 nonnullis
1247 2825 1285 2880 ri-

185 2903 313 2968 acumine,
322 2906 462 2970 elegantia,
470 2909 604 2954 venustate
612 2917 714 2967 semper
753 2906 1178 2970 snmiri,ucproptereatauquaru
1186 2899 1287 2965 rapido·

184 2976 279 3028 fuerim
302 2981 491 3031 incredibiliter
511 2981 664 3042 delectatus,
684 2985 713 3030 ut
753 2977 1286 3047 toaaliquodfore,utprimumexihiletur;

184 3053 254 3105 idem
269 3057 331 3105 mihi
346 3072 393 3107 usu
411 3058 498 3108 venire
508 3058 633 3119 seutiam,
643 3055 712 3120 quod
753 3064 780 3106 at
798 3058 866 3107 euim
878 3072 954 3121 spero
966 3071 1007 3106 me
1018 3055 1099 3104 ihcile
1109 3051 1284 3114 ostensurum,

183 3132 312 3181 uouuullis
323 3133 442 3183 accidere
453 3135 529 3196 solet,
538 3133 592 3199 qni,
603 3132 624 3181 si
635 3129 712 3180 alicui
752 3135 819 3184 itanc
834 3148 918 3184 meam
937 3131 1093 3183 seutentiam
1110 3143 1163 3178 uon
1184 3128 1251 3177 adeo
1270 3143 1286 3177 s

184 3206 302 3257 vinorum
313 3209 402 3273 seneli
410 3210 488 3258 semel
499 3208 666 3263 insuescunt,
676 3207 713 3254 lta
753 3210 866 3259 veritate
873 3209 1022 3270 abhorrere,
1030 3201 1060 3257 nt
1067 3205 1170 3270 penitus
1176 3204 1287 3268 explodi

184 3295 217 3330 eo
229 3283 389 3344 postmodum
409 3283 581 3344 delectantur,
599 3289 628 3331 ut
643 3296 713 3346 aegre
752 3276 890 3335 mereatur.
928 3283 979 3333 Sed
998 3295 1068 3332 uunc
1084 3279 1171 3344 politae
1190 3293 1285 3328 nomen

186 3354 322 3404 admodum
347 3357 457 3406 alterurn
486 3371 572 3406 amare
602 3365 713 3421 queaut;
753 3362 886 3425 aliquanto
901 3358 1059 3409 communias
1076 3356 1187 3420 accipio,
1201 3357 1240 3405 ita
1254 3363 1285 3405 ut

184 3443 277 3491 magna
288 3431 355 3480 enim
370 3436 412 3481 est
428 3432 455 3481 iu
467 3437 713 3498 utramquepartem
753 3437 857 3486 Catullo
867 3450 967 3501 quoque
976 3433 1126 3494 conveniat3
1134 3432 1177 3496 qui
1189 3431 1285 3496 ipsede

184 3505 379 3557 consuetudinis
388 3508 426 3558 ris
434 3514 513 3574 atque
519 3510 643 3573 tyrannis.
660 3509 713 3559 Sed
752 3526 781 3561 se
793 3511 888 3561 alicubi
896 3513 934 3561 ita
942 3511 1066 3574 scriptum
1073 3508 1195 3572 reliquit:
1209 3509 1285 3558 ‘Gra-

184 3586 214 3630 et
223 3582 360 3648 unicuique
368 3600 443 3635 suum
451 3593 492 3636 est
502 3602 518 3636 a
529 3594 622 3637 natura
633 3585 713 3635 trihu·
753 3588 803 3638 tias
814 3588 863 3637 tihi
879 3587 1003 3637 maximas
1015 3585 1132 3636 Catullus
1142 3583 1217 3648 Agit,
1227 3599 1285 3648 pes-

185 3662 238 3706 tum
250 3659 372 3723 palatum,
380 3668 409 3711 ut
418 3668 489 3712 recte
500 3662 596 3712 dixerit
605 3660 713 3710 Martia·
753 3663 951 3712 simusomuium
960 3661 1053 3726 posita:
1064 3662 1147 3709 'lauto
1154 3661 1284 3723 pessimus

184 3733 226 3796 lis,
242 3735 338 3786 ‘luter
355 3751 415 3787 aves
436 3738 537 3800 turdus,
554 3738 576 3786 si
594 3738 650 3803 quis
670 3749 713 3784 me
753 3736 864 3788 omnium
887 3738 975 3802 poe'ta,
993 3739 1097 3791 Quanto
1119 3742 1149 3785 tu
1168 3734 1284 3801 optir‘nus

181 3809 270 3873 judice
281 3819 375 3872 certat,
385 3814 460 3864 luter
469 3813 650 3880 quadrupedes
660 3813 713 3874 glo·
752 3814 865 3863 omnium
877 3814 1020 3878 patronus!
1039 3813 1169 3864 Martialis
1182 3827 1285 3878 quoque

184 3887 312 3952 riaprima
322 3890 413 3954 lepus:
438 3891 523 3941 Recte
531 3890 594 3938 item
606 3902 639 3936 ex
651 3886 712 3936 aliu·
751 3889 801 3940 hoo
812 3904 870 3939 eum
882 3889 986 3939 nomine
997 3889 1118 3953 diguatus
1129 3894 1185 3938 est:
1204 3888 1283 3938 ‘Nec

183 3975 239 4014 rum
250 3966 386 4028 sententia,
405 3966 498 4016 ‘luter
511 3977 616 4027 sapores
627 3961 713 4011 fertur
751 3965 846 4015 multos
865 3965 927 4014 mihi
946 3966 1070 4029 praeieras
1091 3963 1198 4027 podtas5
1223 3963 1284 4013 Uno

184 4039 382 4106 alitumprimus
396 4043 715 4102 lonicorumgenusstta··
751 4039 797 4089 sed
810 4040 915 4090 tibisim
927 4039 1142 4091 miuorcatullo!
1170 4039 1284 4102 Hicigi·

185 4117 325 4177 genarum?
343 4119 411 4168 Nam
422 4117 549 4169 Horatius
557 4114 592 4165 dc
602 4113 663 4178 ipsis
673 4113 711 4163 ita
751 4121 794 4165 tur
804 4115 883 4179 podta
895 4116 926 4164 iis
941 4115 1081 4165 virtutihus
1096 4116 1204 4180 eminet,
1214 4121 1244 4164 ut
1256 4115 1283 4163 iu

184 4189 280 4240 alicubi
304 4192 430 4256 seriptum
454 4192 605 4256 reliquerat,
630 4189 711 4242 ‘lion
751 4190 845 4241 scholis
859 4190 963 4255 publice
979 4191 1089 4256 proponi
1105 4205 1205 4242 summo
1220 4191 1283 4253 jnre
