2752 4694
138 264 201 332 4⁵0
292 324 294 331 ,
376 283 417 331 ιι.
441 281 477 330 u.
501 280 648 331 nunnus
673 281 972 333 corruuuuunrus

138 423 285 486 sepulcreta
300 423 397 473 Grnco
415 423 551 485 vocabulo,
565 423 633 487 quod
653 437 668 472 a
703 430 730 474 et
749 428 817 474 teter
832 423 876 473 ille
896 422 1041 472 sudantium
1059 416 1234 473 membrorum

138 498 288 547 dormiendo
309 497 430 547 inflexum
454 506 503 561 est,
530 497 668 563 rommupla
702 501 796 549 balitus
816 500 998 563 depelleretur.
1033 498 1126 548 Horat.
1147 500 1235 552 ‘Quis

139 573 311 622 nominantur.
703 578 785 625 multa
800 577 905 638 gracilis
924 584 950 624 te
967 590 1032 639 puer
1050 575 1078 625 iu
1093 588 1151 624 rosa
1166 575 1233 623 Per·

171 653 201 698 11
220 649 260 697 Nc
275 649 384 710 sciorum,
401 650 451 698 Aut
465 664 495 698 ιιι
510 651 563 711 ptris
580 649 667 712 mulae]
702 650 773 700 susus
784 651 888 715 liquidis
904 657 980 714 urget
998 649 1129 712 odoribus,
1146 649 1234 699 Grato

137 725 283 776 Putabatur
298 725 368 775 enim
385 724 521 775 fascinatio
537 726 574 774 eis
592 726 667 774 rebus
703 727 803 790 Pyrrha
814 728 860 776 sub
872 734 946 776 antro
956 724 981 774 ι’

137 814 231 850 nocere
240 815 291 850 non
302 815 386 864 porse,
403 815 511 866 quarum
522 800 564 849 vel
575 815 667 851 nomeu
735 800 817 866 Syrio]
845 803 869 852 E
890 802 966 864 Syria
992 799 1116 863 precipui
1140 797 1237 848 odores

138 876 181 924 vel
191 890 311 926 uumerus
326 877 498 939 ignoraretur.
532 877 667 926 Nostrates
680 905 683 910 -
704 875 886 927 afferebantur.
904 872 1236 939 Iut'ra,‘FragrantcmAs·

43 976 47 985 ·
136 949 346 1012 quidemrustici,
355 951 465 1014 pomain
474 952 582 1000 novellis
594 952 667 1002 arbo·
703 952 773 1015 syrio
793 952 866 1000 venit
887 952 967 1001 odore
989 947 1110 1000 domum!
1135 949 1237 1000 Tibull.

134 1024 205 1074 ribus
217 1026 359 1074 crescentia
374 1039 520 1088 numerare,
539 1025 666 1091 hodieque
702 1028 710 1057 ⁸
723 1029 782 1078 Non
798 1042 869 1078 soror
880 1027 1000 1091 Assyrios
1016 1025 1097 1076 cineri
1112 1039 1171 1089 qum
1187 1024 1234 1073 de.

136 1100 371 1164 religionibabent.
704 1103 750 1152 dat
761 1103 869 1152 odorent

736 1183 766 1228 ll
783 1178 925 1241 degustatio]
950 1176 1049 1227 Creber
1062 1177 1106 1226 illc
1120 1175 1237 1225 succussi

293 1227 445 1280 CARMEN
462 1229 511 1280 VI·
704 1258 732 1303 et
742 1252 883 1303 identidem
894 1253 966 1302 velut
976 1251 1165 1316 ingemiscentis
1180 1250 1236 1300 lec-

169 1327 277 1389 ll'luos]
289 1329 329 1376 Ex
337 1328 443 1393 eoquod
453 1328 666 1377 Flaviusamores
703 1329 751 1387 tuli
767 1344 858 1379 sonus:
883 1343 941 1378 nam
958 1334 1079 1390 argutare
1096 1332 1137 1376 est
1162 1326 1238 1375 tenui

134 1417 194 1451 suos
211 1403 336 1465 detegere
356 1403 469 1463 nolebat,
491 1403 590 1466 colligit
607 1417 666 1452 eum
704 1405 815 1470 quodam
831 1419 894 1453 sono
906 1418 994 1453 aurem
1005 1401 1094 1451 ferire.
1111 1401 1239 1462 Propert-

43 1528 45 1533 ,
134 1476 254 1526 laborare
276 1478 302 1525 in
325 1478 370 1526 vili
390 1478 477 1542 aliqua
497 1478 666 1541 morbosaque
703 1481 781 1529 ‘Illa
808 1480 869 1528 mibi
895 1478 956 1528 totis
982 1482 1086 1540 argutat
1112 1475 1236 1524 noctibus

135 1552 287 1612 meretrice,
305 1558 442 1616 tamenquc
452 1552 484 1602 ad
495 1553 532 1616 id,
543 1552 666 1616 quidquid
703 1557 778 1620 ignes
787 1554 802 1604 ι’
819 1561 846 1603 et
863 1553 897 1603 ab
908 1551 1031 1616 ejusmodi
1042 1565 1104 1600 sono
1116 1558 1236 1612 argutam

136 1632 187 1685 eat,
197 1625 279 1674 libere
290 1625 462 1689 detegendum
473 1627 574 1677 invitat.
704 1629 910 1680 ilicemrocarit
925 1629 1011 1689 Maro,
1027 1626 1053 1675 id
1070 1631 1119 1689 est,
1134 1623 1177 1684 ridi
1193 1625 1236 1674 καὶ

166 1703 258 1756 ttNou
273 1702 368 1763 Mons]
395 1702 456 1750 Nou
475 1708 597 1764 expertes
615 1701 666 1751 Ve-
704 1702 793 1753 λεπτόν
802 1721 825 1752 τι
834 1701 1001 1767 ψιθυρίζουσαν.

135 1779 389 1827 nereommlusuum.
402 1777 480 1827 Ouid.
491 1778 499 1806 ‘
510 1778 667 1841 Guregotot
737 1785 769 1831 12
787 1782 859 1844 Nam,
876 1781 902 1829 ei
922 1781 1033 1843 prevalet
1051 1777 1108 1839 ista]
1135 1777 1236 1827 Iocum

96 1900 102 1914 ,
134 1852 226 1902 viduas
235 1854 310 1916 exegi
319 1852 542 1916 trigidanoctesi'
555 1855 666 1902 Veteres
704 1857 772 1906 huuc
784 1857 912 1921 integrum
930 1869 982 1903 uon
998 1858 1188 1922 caseconstat3
1205 1858 1237 1902 et

135 1942 206 1990 saepe
217 1927 376 1991 nuptialibus
393 1928 524 1977 vocabulis
542 1927 575 1977 ad
591 1939 667 1976 omne
704 1932 781 1981 video
790 1930 879 1994 fuisse,
888 1931 930 1996 qui
942 1944 975 1978 ex
984 1929 1088 1991 ingenio
1096 1927 1236 1976 emendare

134 2002 249 2052 libidinis
261 2018 341 2067 genus
353 2002 535 2053 abutebantur.
553 2003 668 2052 Martini.
704 2006 790 2056 consti
801 2007 872 2055 siut:
891 2019 965 2069 quos,
980 2004 1040 2068 quia
1057 2016 1142 2066 neque
1157 2002 1236 2066 quid·

133 2076 245 2126 ‘Nolito
255 2075 335 2126 fronti
346 2078 475 2126 credere:
493 2076 582 2138 nupsit
592 2075 666 2125 beri!
704 2095 780 2146 quum
803 2079 925 2130 adferunt
943 2092 1100 2141 magnopere
1122 2076 1236 2141 probau-

134 2151 220 2213 Idem,
240 2152 290 2200 ‘ue
305 2152 478 2201 Talassionem
491 2150 595 2199 ludices
613 2164 666 2199 uta·
703 2155 776 2216 dum,
795 2161 823 2204 et
842 2153 919 2203 valde
936 2152 970 2202 ab
988 2152 1083 2201 usitata
1102 2151 1236 2214 scriptura

133 2227 208 2276 nibus
219 2226 378 2277 libidinosis:
398 2227 433 2276 Et
443 2225 491 2274 flas
502 2226 556 2274 sine
570 2224 666 2275 femine
703 2229 839 2290 recedunt,
849 2243 900 2277 non
918 2241 1019 2291 sequor.
1040 2226 1120 2289 Quid,
1134 2227 1156 2274 si
1173 2227 1234 2291 quis

109 2309 111 2313 “
132 2303 259 2352 maritus!
269 2303 465 2364 Plautus,‘haec
472 2301 575 2366 quidem
584 2317 665 2352 secas-
703 2305 833 2354 extribus
851 2303 984 2353 versiculis
998 2301 1079 2352 saciat
1097 2302 1170 2364 duos,
1183 2303 1235 2352 boe

133 2384 177 2426 tor
196 2379 311 2442 quotidie
332 2379 387 2427 viro
409 2376 503 2436 Nubit,
524 2377 664 2439 nupsitque
702 2378 789 2440 modu,
811 2380 877 2426 Num
896 2392 939 2426 cur
959 2382 1008 2426 turn
1026 2380 1101 2426 lutera
1123 2376 1237 2436 mama

133 2453 221 2516 bodie,
242 2453 322 2503 nubet
343 2468 403 2502 mox
425 2459 513 2513 noctu,
535 2462 664 2513 uunquam
699 2455 800 2516 pandus,
817 2453 854 2502 Ni
869 2458 897 2501 ιιι
911 2452 969 2514 prrid
980 2452 1237 2516 fociuairreptiarrrsr?

135 2542 184 2590 ego
194 2529 262 2577 hauc
271 2528 384 2577 Viduam
396 2526 492 2577 curbare
503 2525 558 2575 siri.
576 2539 634 2573 uam
644 2525 666 2573 si
703 2527 823 2576 exhausti
834 2527 900 2576 enim
912 2526 991 2576 nimia
1006 2527 1119 2588 Venere,
1130 2526 1237 2590 crebro,

133 2603 191 2653 lraec
213 2617 263 2652 uon
280 2604 371 2664 nubat,
394 2601 503 2664 lugubre
517 2601 604 2649 Fama
626 2599 665 2649 fa·
702 2606 733 2649 ut
742 2600 864 2650 Plautino
874 2600 952 2650 verbo
964 2607 1029 2660 utar,
1041 2602 1048 2629 ‘
1058 2601 1237 2664 paudiculari'

132 2679 206 2727 milia
216 2679 327 2741 pereat!
360 2678 548 2727 Demosthenes
562 2691 665 2740 quoque
701 2676 784 2725 solent
795 2692 802 2725 t
819 2677 846 2726 in
857 2676 906 2726 boc
917 2683 1003 2726 autem
1013 2677 1079 2725 libro
1088 2683 1140 2724 tam
1149 2677 1240 2727 multa

133 2752 263 2803 AEscbiuis
278 2758 389 2802 matrem
405 2751 568 2801 meretricem
585 2748 665 2800 fuisse
701 2749 900 2815 impresserunt
915 2751 1007 2800 alicam
1023 2751 1137 2800 audacie
1152 2753 1236 2802 usati-

133 2826 261 2888 iudicans,
281 2827 345 2876 dicit
366 2841 422 2876 eam
443 2825 547 2874 solitam
566 2826 666 2887 χρῆσθαι
702 2825 753 2888 giu,
763 2831 792 2874 ut
800 2840 888 2875 versrrs
899 2839 963 2875 unus
973 2824 1049 2875 facile
1058 2826 1161 2875 additus
1173 2841 1238 2877 ease

132 2900 439 2967 robuedupeproirydprrr.
702 2899 803 2962 possit3
821 2900 889 2964 quod
900 2906 996 2963 tamen,
1012 2908 1043 2949 ut
1058 2901 1084 2948 in
1098 2915 1127 2949 re
1143 2901 1236 2966 dubia,

164 2983 181 3028 7
199 2980 359 3042 Ncprricpuuru
372 2979 472 3026 taurum
482 2976 558 3026 cubile
568 2975 664 3039 clamat]
701 2975 862 3038 propositum
873 2991 888 3024 a
899 2989 950 3036 me,
964 2990 1015 3024 non
1031 2977 1109 3024 etiam
1120 2976 1234 3028 affirma·

131 3052 424 3120 'otipopouquulcillud
436 3053 491 3103 Cic.
507 3052 535 3100 in
546 3052 664 3111 Verrem,
702 3055 757 3104 tum
774 3049 869 3099 velim:
892 3049 960 3098 liber
981 3051 1078 3099 calamo
1098 3057 1234 3115 exaratus,

131 3130 181 3178 ‘Si
193 3137 291 3191 tacent,
302 3129 363 3178 suna
377 3125 515 3177 clamant!
531 3131 559 3176 et
574 3125 600 3173 in
618 3125 664 3174 Ca·
702 3124 747 3189 qui
758 3130 947 3186 pcnesmecst,
959 3123 1046 3186 ltabet,
1064 3125 1129 3174 Num
1143 3126 1170 3174 in
1182 3126 1234 3175 ista

131 3203 241 3261 tiliuam,
269 3203 362 3251 ‘Cum
397 3207 495 3261 tacent,
533 3198 663 3249 clamant!
698 3199 805 3264 prevalet
824 3198 884 3247 milri
903 3201 994 3247 tacere:
1012 3197 1080 3246 uude
1100 3207 1176 3250 erant
1197 3216 1233 3250 ex

37 3303 45 3318 ο
131 3276 353 3340 Ὲιιιιιιι,ίιιᾳιιίι,
364 3274 450 3323 cubile
467 3281 538 3322 tuum
555 3274 663 3323 tacitum
702 3273 790 3321 amicis
810 3273 882 3334 meis,
902 3274 947 3338 qui
966 3274 1127 3337 conjicerent
1142 3278 1234 3339 legen·

132 3357 182 3412 eat,
198 3357 290 3414 utpote
310 3349 465 3408 inanimum,
486 3347 571 3409 ipsum
587 3347 664 3407 enim,
701 3345 773 3407 dnm,
794 3347 859 3395 Num
879 3348 927 3395 ista
945 3348 972 3396 iu
995 3353 1065 3410 porte
1084 3352 1145 3399 uolet
1170 3352 1235 3401 nibil

132 3425 247 3490 quemvis
257 3424 375 3482 tacitum,
384 3423 494 3481 cinnam
506 3420 534 3468 id
542 3425 591 3480 ert,
600 3419 663 3468 mul·
700 3424 787 3468 iecere.

132 3499 167 3547 tia
178 3497 281 3547 iudiciis
300 3495 436 3560 patefacit,
447 3503 474 3544 te
488 3509 539 3544 uon
557 3505 663 3557 pernoc-
732 3497 765 3545 1³
781 3493 885 3556 Mera]
908 3495 946 3544 Ea
961 3495 1027 3544 euim
1039 3511 1099 3559 pars
1109 3497 1233 3551 immode-

132 3579 189 3622 tare
212 3572 300 3621 solum.
329 3571 394 3621 Quae
411 3576 499 3619 autem
518 3582 550 3617 ca
569 3567 664 3616 iudicia
701 3572 760 3617 rato
777 3567 846 3617 coltu
863 3568 1000 3631 insigniter
1018 3570 1137 3621 laeditur:
1161 3576 1233 3626 unde

133 3646 196 3710 siut,
206 3647 294 3694 statim
304 3647 396 3709 aperit.
701 3648 743 3689 est
752 3640 816 3689 illud
827 3642 852 3690 in
865 3643 1002 3707 Priapeiis,
1016 3645 1024 3672 ‘
1036 3645 1140 3695 Defecit
1151 3649 1235 3714 letus,

166 3725 182 3769 8
209 3719 295 3777 Sertis,
316 3735 344 3769 uc
366 3720 436 3783 Syrio
452 3720 570 3781 fragrans
590 3718 663 3781 oliuo]
701 3722 730 3765 et
746 3717 913 3778 periculorum
931 3720 996 3769 cum
1013 3722 1078 3769 tussi
1093 3723 1172 3772 mirer
1186 3739 1235 3774 ex·

133 3798 202 3848 Nom
217 3797 243 3845 iu
262 3796 311 3845 bac
326 3810 427 3859 quoque
445 3796 567 3858 palaestra
581 3795 664 3843 lucta·
701 3805 753 3854 puo
764 3792 888 3845 saliuam·
914 3795 950 3843 Et
964 3795 1035 3857 alibi,
1052 3797 1153 3860 ‘usque
1167 3798 1232 3851 dum

132 3873 197 3932 turi,
217 3870 289 3933 priua
309 3869 418 3920 odorato
436 3870 521 3934 ulique
537 3870 595 3918 oleo
608 3883 664 3917 cor·
699 3867 763 3916 mibi
775 3867 862 3918 Venus
875 3869 966 3932 jocose
982 3872 1059 3920 molle
1075 3872 1175 3934 ruperit
1194 3876 1232 3925 la.

133 3959 197 4007 pora
211 3959 355 4009 perungere
370 3944 496 4001 solebant,
514 3951 544 3993 ut
560 3945 608 3994 bac
624 3958 663 3992 ra·
700 3940 760 3990 tua!
781 3943 897 3994 Martini.
914 3944 970 3992 ‘Tu
981 3943 1094 3995 tenebris
1104 3945 1201 4007 gaudet
1211 3949 1231 4007 ;'

133 4018 204 4071 tione
218 4027 246 4070 et
265 4019 380 4075 libidinis
396 4017 559 4070 excitaretur
576 4018 663 4082 ardor,
699 4032 742 4070 ure
763 4018 854 4070 ludere
876 4023 943 4070 teste
964 4021 1081 4085 lucerna,
1101 4021 1136 4070 Et
1152 4021 1232 4086 juvat
