2752 4694
380 330 421 379 ru
445 329 612 380 curuum
636 330 793 379 osnunu
818 332 956 381 uxum.
1148 318 1212 383 637

121 485 173 536 quo
184 469 263 520 verbo
273 461 342 519 idem
350 469 412 520 nlibi
419 469 510 520 eodem
518 470 545 519 iu
554 484 650 533 genere
687 471 764 521 Dulce
771 473 888 521 sinimur
896 474 955 522 hero
966 473 992 523 iu
1001 475 1084 524 rudore
1094 475 1215 525 mames.-

44 602 49 611 ‚
120 547 214 608 utitur,
229 546 310 594 ‘Cum
331 560 424 595 vesunu
445 561 516 595 inens
538 555 652 597 torreret
687 552 718 595 nt
729 547 766 597 sic
779 562 862 611 prope
878 548 988 598 ‘lessnm
1007 551 1142 601 sudorem’
1159 553 1214 601 dix·

119 622 223 672 flemme
240 621 390 671 medullesz’
411 628 439 670 et
458 621 552 670 Horat.
570 635 651 683 seepe.
688 622 747 684 erit,
759 630 826 673 utet
843 621 939 673 ‘febris
960 624 1051 674 nride‘
1067 626 1164 677 dicitur
1180 627 1214 678 eb

116 699 184 749 ‘Me
195 707 280 749 torret
299 697 360 749 fece
378 705 468 748 mutua
484 697 592 747 Thurini
603 698 652 746 Ce-
688 697 794 749 effecto.

118 776 168 826 leis
179 775 247 825 filius
260 774 381 824 Orinthi.'
413 774 422 829 ⁶,
429 775 457 825 st
467 779 567 824 torrere
573 774 652 836 jecur
720 775 1214 840 62Exuntosoertruliolcolcgros1llerg,

120 852 217 917 quaeris
231 850 371 902 idoneum!
688 849 715 898 iu
727 850 826 912 Georg.
842 850 912 899 ‘Uiri
922 850 1009 899 hiulce
1019 850 1065 899 siti
1084 850 1160 901 iiudit
1171 866 1215 902 ce·

121 949 126 956 ·
152 932 184 977 68
203 930 264 978 Cum
284 931 376 976 tuntum
397 929 516 987 orderem,
538 928 651 988 purtem
688 924 728 972 uis
740 923 841 974 aestifer
853 940 915 973 arus
924 925 942 974 ι’
959 930 987 975 et
998 923 1098 975 Auctor
1108 927 1178 976 lusus
1189 928 1215 976 in

122 1005 247 1054 Trinacria
257 1005 338 1068 rupes]
355 1005 487 1054 Summum
508 1018 541 1053 ex
564 1016 652 1052 eruore
688 1000 823 1064 Priapum,
838 999 961 1066 ‘Ageute
972 1007 1045 1050 terre
1057 1016 1103 1065 per
1114 1002 1217 1052 canicu-

120 1078 268 1128 incendium
287 1079 324 1128 sic
346 1079 484 1142 significat.
517 1079 560 1128 Sic
582 1078 651 1128 enirn
688 1076 843 1126 lamrimasss

120 1154 210 1206 Pleut.
220 1154 295 1204 Asin.
310 1155 396 1204 ‘Nam
415 1156 442 1205 ni
462 1156 584 1219 impetro,
603 1156 652 1204 lle·
721 1156 753 1200 65
763 1150 802 1200 Ae
812 1152 975 1215 uelutinigro]
991 1151 1120 1202 Omnibus
1130 1152 1217 1201 inrue·

121 1243 181 1292 gem
201 1230 313 1292 perdidi,
331 1245 365 1279 ex
384 1245 470 1280 umore
490 1236 591 1279 tantum
611 1235 651 1279 eet
689 1228 839 1290 uuscriptis,
858 1228 910 1276 Hie
928 1229 1002 1277 ueluti
1019 1229 1103 1289 nigri:
1118 1229 1145 1277 in
1165 1243 1216 1278 uuo

120 1304 218 1353 homiui
239 1305 385 1354 incendium
396 1305 412 1355 :'
429 1312 456 1354 et
476 1306 651 1369 Polyphemus
690 1310 785 1358 mrtem,
797 1303 847 1352 Hic
857 1302 929 1351 ueluti
941 1304 1020 1364 nigro,
1030 1305 1070 1365 irc.
1129 1324 1133 1332 ·

120 1382 190 1445 apud
207 1382 285 1432 Ouid.
305 1385 374 1434 Met.
395 1384 564 1433 1111.‘Ur0r
584 1384 652 1433 enim
721 1381 753 1425 65
768 1379 902 1441 Jnmpreee
917 1378 1021 1427 Pollucis
1034 1378 1088 1438 jum
1109 1378 1218 1427 Castoris

120 1458 250 1521 laesusque
261 1467 388 1509 exaestunt
399 1460 483 1508 acrior
491 1460 566 1522 iguis,
575 1461 653 1510 Cum·
688 1453 826 1517 implorata]
861 1454 894 1503 1¹1
921 1455 1112 1518 manuscript'u,
1133 1455 1216 1518 imple·

122 1546 174 1596 que
196 1533 249 1581 suis
272 1533 363 1583 videor
382 1535 534 1584 translatam
555 1534 653 1583 viribus
688 1530 1217 1595 rote:legendumfortessesit,implorurtte3

120 1606 225 1656 AEtunm
235 1607 349 1658 Pectore
361 1607 431 1658 ferre
443 1609 518 1659 meo!
552 1609 595 1659 Sic
607 1609 653 1658 ille
690 1603 875 1663 Ensententim
894 1613 1003 1655 illailla
1022 1606 1218 1655 secundavenit
1260 1649 1263 1657 .

121 1697 224 1746 quoque
236 1699 333 1734 ,ummo
344 1700 372 1734 ω
383 1687 502 1736 Galateae
513 1701 601 1736 ‚more
614 1692 653 1736 te.
690 1678 844 1741 implorante
852 1679 964 1730 Castoris
972 1679 1120 1728 etPollucis
1128 1693 1217 1742 opem:

121 1757 325 1822 nerisignificet.
689 1754 884 1818 numimplorcto
897 1770 965 1818 prece
984 1755 1099 1817 Castoris,
1119 1755 1147 1803 id
1169 1760 1219 1816 eet,

165 1838 198 1884 54
222 1836 375 1899 Lymplmque
401 1837 427 1886 ιη
455 1838 536 1887 OErei,
565 1839 653 1887 Mania
690 1829 758 1893 quod
771 1830 904 1879 Castorem
916 1845 1060 1893 precemur,
1080 1837 1218 1895 utrumque

124 1909 315 1973 Uermvphylit]
333 1912 446 1963 lacobus
455 1913 602 1977 Tauressus,
614 1913 654 1962 vir
690 1905 781 1953 durum
792 1912 870 1968 atque
882 1907 992 1957 insolens
1004 1906 1116 1956 ridetur.

123 1984 239 2034 eruditus
262 1987 389 2049 inprimis,
405 2001 436 2035 sc
458 1987 576 2049 diligens,
602 2001 653 2036 non
723 1985 756 2028 69
772 1981 813 2030 Ad
829 1998 898 2043 quam
916 1997 1046 2031 commones
1060 1997 1219 2032 exerceremus

123 2058 654 2124 Manliu‚relMulic,sedLemiolegendum
691 2054 792 2116 amores]
817 2055 860 2104 Sic
871 2058 898 2104 iu
914 2054 1005 2104 Muffei
1016 2056 1098 2117 lilrm3
1114 2057 1141 2104 in
1158 2057 1219 2118 elio,

122 2132 245 2196 putabat,
261 2149 277 2183 a
296 2136 416 2185 Lamiam
433 2136 506 2196 simu
523 2136 567 2185 hag
586 2137 655 2184 enim
692 2142 842 2186 exercerem
869 2130 896 2177 in
918 2130 1007 2191 tertio,
1027 2144 1068 2177 uos
1085 2144 1219 2179 exercemus

122 2219 203 2270 eques
215 2222 272 2257 esse
292 2209 389 2258 calidas
408 2209 568 2259 demonstrat
588 2211 656 2259 Pnu-
691 2217 789 2250 ammi&
835 2203 890 2252 Aut
911 2204 991 2266 igitur
1013 2204 1123 2266 primum
1144 2205 1219 2268 illud,

123 2281 208 2331 sanias
219 2283 244 2330 in
256 2282 354 2333 Atticis
372 2285 412 2332 uis
430 2283 526 2340 verbis,
540 2283 598 2332 Ἀτε
613 2286 656 2342 τοῦ
682 2278 797 2335 ,αυίῑιοο
814 2277 993 2341 retinendum
1008 2293 1057 2329 nec
1078 2279 1146 2329 enim
1163 2295 1220 2330 rer·

122 2355 214 2406 κόλπον
223 2360 266 2406 τοῦ
275 2360 393 2419 Λαμιακοῦ
402 2355 520 2420 τέλματος
533 2360 590 2424 πρὸς
604 2362 656 2410 reis
692 2368 735 2404 sus
744 2355 821 2404 aliter
831 2354 919 2405 stabit.

123 2433 283 2496 Θερμοπύλαις
292 2434 366 2485 ὄντος·
384 2435 457 2484 αἴτιον
473 2434 500 2484 ti
516 2434 568 2496 epol
585 2438 655 2500 δοκεῖ,
724 2435 756 2480 70
775 2432 827 2487 Quo
837 2432 1005 2496 meosemolli]
1027 2431 1061 2481 Se
1072 2434 1218 2497 moneami-

122 2506 153 2555 τὸ
164 2507 222 2572 ὕδωρ
231 2507 306 2576 radi-p
313 2508 342 2557 τὸ
351 2509 432 2575 θερμὸν
442 2509 521 2575 ἐκρέον
530 2512 554 2561 ἐς
561 2511 606 2570 τὴν
617 2511 655 2561 od·
692 2520 759 2567 cnm,
775 2507 849 2556 Malli
858 2508 932 2556 domo
951 2513 1072 2571 receptos
1084 2507 1159 2571 dicit,
1171 2508 1219 2558 ibi·

123 2591 233 2634 λασσανι
251 2586 320 2648 quod
329 2586 468 2649 legendum
476 2585 603 2636 affirmare
612 2602 655 2636 eu·
693 2597 743 2647 que
755 2583 823 2632 inter
832 2599 860 2632 se
872 2597 979 2634 amasse.

124 2658 224 2721 derem,
245 2660 267 2707 si
286 2660 396 2723 liqueret
412 2660 488 2710 modo
508 2661 564 2725 ejus
582 2661 655 2710 verbi
724 2663 756 2707 ll
774 2659 872 2722 Intulit]
904 2660 1025 2723 Propert.
1041 2660 1089 2709 lib.
1110 2673 1130 2710 1.
1159 2659 1219 2709 ‘Sic

124 2720 271 2796 principem
283 2736 405 2799 syllabam
418 2737 535 2799 produci,
545 2742 572 2785 et
587 2736 655 2786 ιΙιιι-
692 2733 792 2782 mihite
809 2733 906 2782 referes
923 2734 996 2796 levis,
1016 2742 1045 2782 ut
1062 2748 1114 2783 non
1131 2735 1219 2785 ,altere

125 2810 221 2873 miam‚’
245 2817 274 2860 ut
296 2812 477 2874 ‘herinaceum'
495 2812 547 2861 dici
570 2826 654 2876 posse.
693 2816 782 2858 nostro
799 2809 900 2858 Limine
915 2807 1042 2859 formosos
1060 2810 1148 2860 intulit
1166 2812 1218 2860 ulls

124 2884 177 2934 Sed
187 2886 235 2935 hoc
244 2887 336 2948 leuius,
344 2887 409 2936 illud
427 2901 441 2935 e
458 2901 485 2935 re
497 2887 586 2949 tnagis.
607 2886 656 2935 -At
693 2883 792 2948 pedes?

123 2962 275 3012 ‘Mallium’
287 2965 388 3027 gemino
399 2977 439 3027 un,
450 2979 466 3012 n
476 2963 590 3012 Maliaco
598 2963 655 3011 sinu
729 2959 761 3006 Et
775 2958 971 3020 tritosulgmtem
984 2961 1010 3008 iu
1026 2960 1107 3009 limine
1113 2962 1219 3022 pluuium

76 3093 78 3097 ¹
124 3037 186 3100 diei,
204 3053 237 3087 ne
253 3038 280 3086 id
298 3039 401 3103 quidem
413 3038 573 3102 probandum
586 3037 655 3087 vide·
693 3035 790 3097 Innixu,
808 3035 1129 3097 orgotocoustititiueoleu]
1158 3037 1219 3086 Om-

124 3113 287 3176 turritaque
310 3113 448 3162 videndum
471 3112 551 3161 etium
575 3118 655 3175 atque
693 3110 767 3158 uibus
777 3110 802 3158 in
811 3111 1002 3173 manuscriptis,
1012 3113 1133 3159 condituri
1142 3113 1220 3161 soleo:

123 3185 214 3245 edum,
226 3185 289 3248 quid
299 3187 372 3250 sequi
383 3186 532 3236 debeamus.
693 3192 735 3234 est
745 3200 807 3235 vero
818 3186 826 3214 ‘
836 3185 1013 3236 constituere'
1024 3185 1092 3234 idem
1104 3201 1219 3236 uonnun·

157 3265 191 3307 58
208 3260 286 3308 Risus
303 3275 405 3310 muscoso
422 3262 522 3324 prosilit
538 3277 551 3312 e
567 3262 655 3326 lupide]
693 3276 768 3326 quam
779 3262 846 3326 quod
855 3276 965 3324 ponere:
976 3269 1068 3312 uteum
1075 3263 1145 3313 dieat
1155 3266 1218 3314 trito

123 3335 291 3384 ‘Muscosum
314 3335 442 3398 lepidem’
466 3338 540 3401 dicit,
571 3345 601 3389 ut
628 3345 656 3388 et
692 3337 719 3386 in
729 3337 817 3387 limine
834 3338 925 3402 pedem
945 3339 1060 3402 posuisse
1076 3339 1163 3389 innixa
1180 3356 1218 3390 nr-

123 3410 222 3460 Horat.
238 3411 349 3460 ‘Museo
358 3412 503 3462 circumlita
514 3414 592 3466 saxu!
692 3421 754 3476 gnte
765 3415 844 3463 solen.
876 3415 981 3476 Arguto,
998 3421 1131 3478 crepante,
1151 3419 1218 3467 soni·

157 3488 190 3534 69
202 3486 243 3534 De
247 3501 322 3549 prone
331 3493 476 3552 proecepreet
484 3490 544 3539 colle
552 3488 654 3552 uolutus]
693 3493 748 3536 tum
759 3488 864 3538 edente.
894 3490 939 3538 Sic
951 3490 1051 3552 Vergil.
1069 3490 1077 3517 ‘
1089 3498 1219 3555 argutum·

123 3559 288 3624 Syllabarum
304 3575 444 3611 concursus
455 3563 481 3611 in
494 3564 589 3626 serbis,
603 3565 656 3614 Vol·
692 3578 742 3626 qrre
754 3577 842 3612 nemus
854 3563 979 3627 pinosque
991 3566 1147 3629 loquentes.’
1172 3566 1218 3616 Sin

123 3636 146 3685 le
157 3638 257 3697 uolutus,
266 3637 331 3687 mire
343 3652 446 3687 cursum
456 3653 530 3704 aquae
539 3637 655 3690 deflueu-
691 3637 797 3686 emolliit
807 3637 890 3699 malis,
901 3638 927 3686 id
940 3637 1050 3687 fortusse
1061 3639 1219 3702 coujungenss

125 3710 160 3758 tis
171 3711 301 3773 exprimit.
692 3712 753 3761 dum
773 3727 833 3762 cum
855 3713 933 3761 verbo
953 3714 1074 3775 plantum.-
1109 3728 1169 3761 uem
1190 3718 1218 3762 et

158 3788 189 3833 iil
206 3785 284 3834 Dulce
294 3786 381 3835 uiatori
390 3789 449 3836 lorso
464 3786 490 3835 irr
500 3790 585 3839 sudore
593 3790 655 3838 leuu-
690 3791 820 3853 ffplnutnm
832 3789 969 3852 insistere,’
981 3791 1017 3838 sie
1031 3789 1114 3839 Pleut.
1127 3788 1219 3837 Casina

125 3860 190 3922 meu]
215 3860 247 3909 Iu
264 3862 447 3925 manuscriptis
469 3862 586 3911 omuibus
604 3876 654 3910 nou
692 3864 795 3913 videtur
806 3864 902 3927 dicere,
919 3864 987 3927 upud
1005 3867 1141 3925 poemen,
1156 3862 1218 3910 ‘ln-

126 3935 195 3998 lueee,
205 3937 250 3985 sed
261 3937 341 3996 luresu,¹
357 3936 474 4001 atquem
488 3929 655 3986 lllnffeilibro
690 3940 760 3988 stitit
775 3941 887 4003 plantam
899 3940 916 3989 :⁷
934 3945 961 3987 et
980 3938 1100 3998 Propert.
1123 3935 1168 3984 lib.
1184 3949 1217 3986 ιῐ.

124 4026 205 4076 supro
216 4013 323 4062 verbum
338 4013 432 4063 Victori
442 4011 578 4077 seriptum,
595 4012 655 4060 ‘vel
691 4014 818 4063 ‘Prosilit
829 4015 855 4062 in
875 4016 932 4061 laxa
944 4010 1004 4058 nixu
1018 4008 1112 4071 pedem
1128 4010 1217 4059 solea!

124 4086 257 4137 rictorem?
290 4088 382 4153 ltaque
400 4087 538 4151 legendum
554 4085 655 4152 opinor,
690 4089 822 4152 Turpilius
845 4089 871 4138 iu
894 4084 1040 4147 Demetrio,
1060 4092 1088 4134 ut
1109 4085 1217 4137 adducit
