2752 4694
365 314 406 362 ιη
430 312 596 363 csruccr
620 314 777 364 clamart
802 317 904 367 xxx.
1126 304 1190 370 467

88 458 137 519 ris,
159 470 218 506 curu
233 468 283 519 quo
300 455 385 517 stupri
406 455 620 506 consuetudinem
656 455 738 507 millia
749 456 815 508 Ηοὸ.
825 457 958 511 ducenties
975 466 1062 511 autern
1074 459 1191 512 efficiunt

90 533 213 594 habebnt,
224 532 380 583 liberalitate
396 532 429 582 sd
441 541 526 585 tantu
543 550 621 600 pseu·
658 539 768 583 monete
799 534 909 584 Veneta
947 550 1039 585 aureos
1072 550 1190 585 nummos

90 609 147 657 nias
157 607 269 669 venisse,
280 615 310 657 ut
321 608 389 657 solus
401 608 500 672 sliquot
517 611 622 674 provin·
657 611 766 669 588235,
783 615 811 658 et
827 617 958 672 praeterea
978 610 1107 660 marculus
1129 625 1191 675 qua·

88 686 186 734 ciarum
198 697 262 745 opes
273 681 406 746 possidere
417 684 558 736 videretur.
577 687 621 736 De
658 682 795 747 draginta:
824 686 977 746 trecenties,
988 690 1085 735 882868
1098 700 1190 736 aureos

86 759 162 823 hujus
180 759 274 822 opibus
290 762 323 808 'et
344 759 446 809 luxuria
464 759 525 809 vide
551 759 623 813 Plin.
657 772 785 820 nummos,
804 765 864 808 ceto
886 761 1007 809 marculis
1034 756 1133 820 miuus3
1159 774 1192 810 ea

90 834 250 884 libuxvr.
276 834 327 883 Est
346 840 432 884 autem
447 835 622 897 memorabile,
658 835 767 896 ratione,
779 840 809 883 ut
818 835 951 884 sestertios
962 834 1066 898 quidem
1076 836 1191 899 singulos

91 909 159 974 quod
186 914 277 958 uarrst
303 909 475 972 Tranquillus,
501 910 540 959 ita
567 910 620 959 leni
659 910 793 974 quaternis
803 909 935 971 marculis,
943 924 1035 959 aureos
1045 917 1131 959 nutem
1141 912 1193 959 sin·

91 984 219 1034 &aurem
229 981 308 1031 fuisse
319 982 432 1046 ingenio,
444 991 484 1046 ut,
502 999 561 1033 cuns
573 985 623 1035 sibl
658 983 732 1047 gulos
749 985 856 1036 tricenis
867 985 1000 1051 quaternis
1011 985 1134 1050 grossulis
1144 1001 1192 1035 as·

31 1060 35 1067 '
90 1067 219 1125 perpetua
236 1059 274 1108 his
291 1060 407 1110 versibus
423 1060 545 1124 imposita
565 1076 623 1112 esse
659 1059 787 1110 timeum.

91 1136 214 1198 stigmata
235 1135 405 1199 intelligeret,
426 1143 513 1185 tamen
533 1137 622 1187 Catul-
692 1139 724 1185 ld
740 1135 859 1200 Sinistra]
873 1136 969 1200 Stulta,
980 1142 1193 1200 etpraepostera3

92 1212 147 1260 lum
161 1210 364 1261 satisfacientem
375 1213 433 1274 sibi,
443 1212 540 1278 (idest,
551 1213 625 1263 testi·
659 1223 717 1258 uam
729 1218 756 1259 et
766 1211 854 1262 Greci
867 1227 937 1274 sepe
957 1213 1040 1260 σκαιὸν
1052 1226 1100 1276 pro
1110 1211 1192 1260 stulto

92 1287 141 1337 bns
159 1289 332 1351 presentibus
347 1287 527 1350 affirmantem,
542 1289 623 1353 poeni·
660 1286 763 1336 dicunt:
782 1287 819 1336 sic
837 1294 865 1336 et
883 1287 977 1337 Horat.
995 1290 1090 1351 ‘ocgo
1101 1288 1193 1345 levus,

92 1371 151 1413 tere
171 1379 209 1427 se,
225 1364 292 1429 quod
315 1379 347 1414 ea
368 1365 530 1428 scripsissem
556 1364 623 1414 banc
660 1362 712 1413 Qui
724 1375 819 1424 purgor
830 1362 908 1412 bilem
923 1364 997 1413 verni
1008 1363 1056 1413 sub
1068 1364 1192 1425 temporis

93 1437 162 1488 enim
184 1452 240 1488 esse
262 1439 313 1495 vim
331 1439 360 1487 iu
379 1437 419 1487 his
441 1438 519 1488 rebus
541 1438 624 1502 verbi,
659 1436 766 1486 horam!

92 1518 100 1541 ‘
123 1510 282 1571 satisfacio,'
299 1513 362 1562 satis
381 1527 415 1562 ex
431 1512 623 1576 Amphitruone
693 1515 724 1561 ll
741 1513 900 1577 Expotrocit]
917 1513 1080 1564 libidinibus
1093 1514 1194 1564 absum·

92 1588 193 1651 Plauti,
212 1595 241 1638 et
250 1587 366 1638 'ferentii
383 1587 520 1652 Adelphis,
534 1596 562 1637 et
580 1589 624 1638 Ci-
661 1587 704 1636 sit.
726 1587 880 1652 ‘Patrare,’
899 1590 1035 1639 honestum
1054 1591 1114 1639 olim
1136 1602 1194 1638 ver·

93 1678 188 1714 nerone
200 1678 248 1727 pro
267 1664 362 1714 Roscio
376 1663 500 1714 Comoedn
512 1663 624 1727 intelligi
660 1662 730 1725 bum,
741 1673 831 1727 postea
850 1663 883 1713 sd
898 1663 1096 1713 obscoenitatem
1115 1665 1193 1714 trala-

91 1738 201 1804 pntest)
217 1739 309 1789 eadem
319 1738 362 1790 die
378 1739 524 1789 adhibuerit
532 1752 624 1800 coense,
662 1743 716 1786 tum
728 1737 817 1799 fuisse,
828 1738 926 1788 indicet
938 1738 1033 1788 Fabius
1044 1739 1111 1787 libro
1121 1745 1193 1788 octa·

92 1813 255 1879 hospitioque
266 1815 347 1879 patris
364 1813 455 1878 ipsius,
472 1813 551 1864 sicuti
562 1828 624 1863 con·
661 1825 704 1860 vo.
737 1811 795 1864 Quo
807 1819 894 1862 autem
904 1828 989 1876 sensu,
1005 1827 1037 1862 ex
1054 1814 1149 1863 Boetio
1160 1813 1193 1863 de

93 1896 223 1951 sueverat,
232 1888 271 1937 uti
282 1888 499 1952 perseveraverit.
661 1883 812 1936 definitione
825 1887 995 1952 intelligitur,
1012 1889 1056 1953 qui
1068 1888 1194 1952 patratio·

125 1968 140 2013 ⁸
153 1964 252 2013 Gustata
264 1963 358 2027 Gallio]
376 1964 528 2014 ltsonruem
540 1968 625 2012 trans·
661 1974 720 2010 nem
738 1975 796 2012 essa
814 1962 851 2011 alt
871 1961 964 2013 fracte
980 1963 1090 2012 Veneris
1109 1963 1194 2025 lacry-

93 2039 207 2103 alpinam
216 2039 330 2091 Galliam
341 2037 517 2088 nominabant.
661 2049 731 2087 mua:
749 2037 838 2102 itaqua
850 2037 957 2087 Persius
968 2039 1070 2086 oculum
1082 2036 1195 2085 molliter

125 2120 141 2162 5
160 2115 269 2178 Cinaede]
286 2115 383 2164 Notum
393 2119 433 2167 est
444 2112 518 2175 illud,
533 2112 625 2162 ‘Fece
662 2124 693 2160 sc
714 2111 853 2161 libidinose
876 2118 1020 2174 natantem,
1042 2117 1193 2174 patrantem

94 2188 183 2239 Cesar
203 2203 272 2238 nuuc
293 2187 443 2251 triumphat,
459 2186 505 2250 qui
522 2185 626 2251 subegit
661 2186 781 2236 vocarit:
810 2187 945 2249 ‘patranti
964 2185 1063 2236 fractus
1085 2185 1194 2235 ocellur'

93 2264 203 2314 Gallias.
238 2262 394 2312 Nicomedes
409 2275 459 2311 non
476 2262 627 2327 triumphat,
662 2262 1195 2327 quodidvidelicet,inreVeneres,per·

93 2339 139 2404 qui
150 2337 254 2402 subegit
264 2335 416 2388 Caesarem?
661 2338 807 2389 beientibus
826 2338 938 2388 eveniat.
962 2338 1087 2390 Juvenal.
1108 2341 1116 2367 ⁴
1134 2353 1199 2389 ocu·-

128 2413 240 2476 Rcmule]
256 2412 316 2462 Hoc
327 2412 430 2462 nornine
438 2425 508 2476 saepe
520 2412 626 2463 uteban-
662 2413 753 2478 iusque
762 2414 790 2464 in
802 2411 853 2462 tino
865 2418 1025 2464 trementes.’

94 2496 138 2538 tur
155 2489 181 2536 in
197 2502 326 2553 eos,quos
342 2486 488 2552 signidem
502 2488 626 2554 volebant
695 2488 824 2538 Helisutsss
834 2488 882 2553 eat]
908 2489 1066 2540 necessse
1083 2491 1139 2555 ipso
1156 2492 1195 2540 lo·

95 2562 278 2613 dissimillimos
294 2576 352 2613 esse
372 2563 626 2625 Romultnuitum-
663 2564 762 2628 quitur.
848 2610 857 2627 ⁸,

94 2653 145 2702 que
157 2639 188 2687 ab
199 2638 266 2687 illius
274 2639 412 2702 prestanti
418 2637 515 2689 rlrtute
525 2638 626 2689 abesse:
696 2643 728 2687 19
744 2639 832 2688 Prode
848 2636 959 2702 Pontica]
974 2640 1104 2703 Superato
1113 2641 1195 2689 Phar·

95 2719 187 2762 auctor
203 2713 409 2764 Declamatiouia
424 2713 494 2764 iilius
513 2715 540 2764 ln
552 2714 626 2764 Cice·
662 2726 728 2762 nace
739 2713 907 2777 Mithridatis,
915 2721 970 2777 aut,
980 2720 1010 2763 ut
1021 2729 1068 2777 ego
1079 2714 1194 2764 intribus

94 2801 193 2851 sonem,
203 2804 261 2853 que
274 2789 398 2840 tribuitur
409 2790 541 2853 Sallustio,
551 2790 560 2818 ‘
569 2791 626 2841 Oro
663 2790 842 2853 perveteribus
851 2789 1091 2839 aersisuomismatis
1098 2789 1195 2839 Graece

96 2871 124 2912 te
135 2863 244 2914 Rourme
254 2863 386 2928 Arpinas!
411 2865 527 2930 Persius,
543 2867 627 2919 ‘uum
663 2865 821 2930 insculptum
839 2864 1021 2927 animadverti,
1036 2864 1197 2914 Mithradatis

96 2939 205 2989 Romule
216 2939 328 2990 caevesi’
663 2939 732 2991 iiiior
749 2940 783 2989 de
797 2955 849 3004 quo
867 2946 955 2989 notum
973 2945 1013 2989 est
1027 2940 1092 2989 illud
1109 2942 1196 2990 Caesa·

126 3020 142 3065 t
154 3015 320 3081 Superstitem]
330 3017 375 3067 Ita
386 3024 522 3078 vocantur,
533 3020 587 3084 qul,
597 3025 627 3068 ut
664 3015 710 3078 ris,
724 3016 732 3043 ⁴
744 3014 823 3076 Veni,
834 3015 895 3072 ridi,
906 3012 977 3064 vici!

96 3092 174 3155 vulgo
184 3093 320 3157 loquimur,
339 3094 474 3144 continere
491 3108 519 3143 ss
535 3095 563 3141 in
579 3108 628 3143 sua
696 3093 729 3138 20
754 3087 837 3150 lbera]
863 3088 997 3150 Superatis
1019 3088 1049 3135 in
1067 3087 1196 3151 Hispania

96 3167 234 3230 peile,pre
242 3167 422 3230 superbisnon
430 3173 539 3229 queunt:
548 3173 628 3229 atque
665 3165 772 3214 Petreio
793 3171 821 3213 et
842 3162 961 3213 Afranio.
998 3163 1113 3215 Historia
1132 3167 1195 3216 satis

95 3243 145 3292 hoc
156 3243 246 3292 vitium
255 3243 431 3307 iniussnibus
438 3248 554 3292 notatum
564 3247 629 3305 puto
665 3246 727 3289 uota
739 3245 790 3288 est.

97 3313 629 3380 abHornero,cumeosdixitesaeisam
697 3319 729 3364 21
759 3314 842 3378 Hm]
869 3314 1068 3381 Ἕρνιηματωῦς,
1088 3324 1117 3367 et
1137 3333 1197 3368 cuns

96 3392 372 3443 montanorum
392 3392 502 3454 nucius,
520 3391 629 3442 Graecos
665 3390 846 3454 indignatione
862 3391 1002 3454 legendnm
1026 3399 1074 3442 est.
1107 3392 1197 3441 Hunc·

97 3467 287 3520 Gramuraticos
306 3468 384 3532 louge
407 3467 484 3519 aliter
500 3467 566 3516 banc
585 3482 631 3517 vu·
666 3470 735 3530 eine,
762 3475 864 3518 tantum
883 3469 1038 3532 helluonem,
1057 3468 1151 3519 Gallia
1167 3475 1195 3519 et

98 3556 155 3592 cem
173 3542 353 3606 interpretari:
378 3542 425 3592 sed
444 3541 478 3592 de
496 3543 545 3592 hoc
555 3543 628 3592 alias.
666 3543 928 3594 Britanniatiment?
1200 3584 1203 3589 .

97 3614 410 3679 hletaphn'raestavasis
421 3617 527 3667 nimium
538 3617 630 3682 plenis.
699 3623 731 3669 hh
750 3620 814 3676 Quid
829 3619 890 3668 base
904 3619 1025 3683 (udum)
1035 3619 1138 3685 seselis]
1162 3621 1198 3670 A·

130 3690 283 3754 emoneo]
298 3692 435 3742 Venerius.
454 3692 631 3744 ,Detritaam
666 3693 987 3758 postropbeadpnpulurn
998 3695 1151 3759 Romanum.
1199 3736 1203 3742 .

100 3774 153 3815 tem
181 3772 223 3814 est
249 3779 301 3814 una
325 3765 403 3816 litera
424 3781 439 3815 e
462 3765 631 3831 diphthongo,
699 3773 731 3818 2³
762 3767 851 3831 Uncto]
878 3769 999 3832 Pinguis,
1017 3771 1151 3833 opulenta,
1169 3773 1197 3816 et

98 3851 208 3905 propter
223 3847 349 3891 metrum:
368 3847 468 3892 rectum
486 3841 554 3891 enirn
565 3847 633 3904 erat,
667 3842 781 3907 copiosa.

98 3916 234 3966 Diuuaeus.
267 3916 360 3980 virgil.
385 3917 493 3967 ‘sacra
511 3917 630 3967 Dionea

99 3990 176 4040 matri
187 3990 303 4056 dirisque
313 3990 449 4042 ferebam!
803 3968 955 4021 CARMEN
971 3969 1059 4019 xxx·

133 4068 163 4116 1⁶
181 4066 370 4137 vastationum
382 4067 519 4130 trecenties]
536 4067 568 4118 ld
580 4073 632 4129 est,
701 4069 851 4134 lAlplese]
873 4070 1028 4132 Alphenuru,
1046 4067 1144 4132 (nescio
1164 4084 1197 4123 an

101 4139 246 4205 ducenties,
274 4149 320 4192 aut
350 4143 492 4194 trecenties
520 4151 632 4194 centena
668 4145 897 4208 iurisconsultum,
916 4144 988 4194 illurn
1010 4145 1067 4195 Ser.
1088 4145 1198 4210 Sulpicii
