2752 4694
187 323 253 389 764
534 336 639 384 nora
664 335 862 383 vsarouuu
888 335 927 382 ru
956 355 962 363 -

188 479 311 541 bendum,
322 479 389 528 Hiar
402 479 654 543 pudoremflomlemoe
663 494 717 541 pro·
753 475 829 526 tiores
847 474 1006 539 Proserpina
1017 475 1105 538 virago
1119 471 1259 524 lectitabat
1267 474 1285 524 :'

187 557 426 618 diderampurparoe.
461 556 587 619 Purpura
600 570 716 604 rosarum
754 561 790 614 et,
806 552 1027 602 ‘CuminSiciliae
1035 551 1286 615 patulispurpnreos

189 630 222 681 ab
234 630 284 679 illis
295 630 360 678 roris
373 629 454 692 guttis
470 643 614 692 perspersas
631 628 717 692 prodi·
753 630 853 693 legeret
865 628 977 676 nondum
989 627 1080 676 mulier
1091 624 1177 686 flores,
1186 626 1232 674 sed
1242 626 1288 674 ad·

188 703 285 753 derunt
305 703 423 752 ruborem
449 718 532 765 suum,
554 704 598 767 qrri
619 704 717 766 ralyeis
753 704 803 753 hue
814 704 902 767 virago
917 701 1092 766 Proserpina.’
1119 702 1195 751 Idem
1212 700 1287 751 alibi.

188 779 256 829 nodo
276 778 375 827 latebat
394 784 487 828 tectus.
520 780 643 828 Eamdem
662 795 719 828 sen·
753 779 832 829 Serio.

189 854 298 904 tentiam
320 855 439 918 sequenti
462 869 537 904 versu
558 855 718 918 exsequitur.
786 861 817 905 at
835 852 1287 917 Momoirgiaespopillos]1mperite

190 931 303 994 Elegaus
325 944 401 993 porro
423 930 582 994 metaphora,
604 932 718 993 pudorem
754 933 972 995 interpretantur,
990 929 1104 979 nondum
1124 943 1289 991 compressas

189 1019 239 1069 pro
255 1004 488 1055 ‘rubore'dieere.
507 1004 718 1054 steveteul’oe·
755 1013 784 1055 et
794 1005 909 1055 maritas.
943 1005 1030 1055 Nulla
1040 1003 1097 1053 alia
1110 1010 1138 1052 et
1149 1002 1192 1052 bic
1204 1003 1289 1067 papil-

189 1086 224 1129 tre
240 1078 442 1143 ‘pudorieolor,'
465 1093 513 1142 pro
536 1079 717 1130 ‘rubicunda‘
754 1083 795 1146 lae,
812 1097 889 1146 quam
908 1097 971 1146 quas
991 1095 1070 1144 supra
1086 1079 1290 1142 descripsimus3

189 1157 264 1206 Solm-
755 1159 892 1218 Rosamm,
903 1171 1007 1220 nempe,
1018 1170 1069 1205 non
1088 1158 1095 1182 ‘
1106 1154 1223 1218 strophio
1235 1155 1292 1203 lue·

222 1232 253 1280 Ia
270 1234 384 1296 pudorem
403 1232 541 1296 florulenta
567 1231 720 1296 prodiderant
755 1232 854 1282 tantes'
872 1233 1160 1282 Catullocarmmxrv.
1187 1231 1288 1279 Misere

187 1307 311 1370 purpura]
327 1307 493 1371 suspicabar,
504 1310 534 1356 Iu
549 1311 661 1371 pudorem
671 1308 720 1372 flo-
755 1310 797 1359 hie
808 1317 910 1372 natant,
926 1316 953 1359 et
964 1310 991 1357 in
1002 1308 1115 1359 tenebris
1126 1309 1237 1372 palpant
1247 1307 1291 1357 In·

189 1385 315 1433 malinam
332 1385 468 1446 prodierunt
482 1398 602 1446 purpura.
637 1385 720 1434 Natos
756 1392 896 1449 terpretes.
920 1385 996 1434 Idem.

190 1459 247 1508 vult
257 1459 369 1522 jubente
380 1459 485 1507 Venere
497 1473 568 1507 rosas
579 1473 721 1522 purpureas
788 1465 821 1510 22
837 1462 893 1524 Ipsa
905 1461 979 1522 jussit
996 1475 1063 1510 mare
1078 1464 1106 1508 at
1121 1461 1175 1508 udoe
1185 1459 1292 1521 uirgines

190 1542 220 1585 et
233 1535 407 1585 ardentissimi
425 1535 536 1597 ruboris,
548 1536 664 1585 Milesias
675 1552 721 1586 vo·
756 1538 844 1587 trahunt
854 1539 925 1601 rosa]
943 1538 985 1586 lta
995 1545 1068 1587 reete
1078 1537 1129 1586 viri
1139 1536 1223 1586 docti.
1248 1537 1292 1586 Ita

191 1617 261 1673 cant,
276 1626 335 1675 quae
347 1626 417 1660 rosas
435 1612 566 1660 Enuenses
577 1610 720 1660 confunde·
757 1610 812 1662 fere
823 1621 913 1663 noster
929 1614 1027 1674 Codex,
1047 1600 1102 1676 Ipsa
1115 1612 1192 1674 jussit
1210 1617 1291 1662 maaet

192 1692 252 1735 reat
268 1694 296 1734 et
313 1688 400 1735 colore
417 1687 561 1736 vincerent.
588 1687 720 1750 ‘Campus
758 1693 823 1737 tate:
839 1693 888 1744 ato
905 1702 952 1752 pro
963 1690 1024 1746 adoe,
1035 1696 1065 1736 ut
1078 1701 1155 1750 supra
1167 1700 1236 1735 vers.
1250 1689 1292 1734 14.

191 1762 318 1810 Ennensis
327 1762 353 1810 in
364 1761 467 1810 floribus
476 1777 587 1826 semper,
596 1769 624 1811 et
633 1762 659 1810 in
669 1778 721 1811 om·
758 1764 827 1812 idem
837 1764 955 1813 librarius
967 1761 1073 1813 ‘notos'
1086 1763 1239 1824 scripserat,
1247 1762 1293 1825 qui

192 1835 218 1884 ai
227 1851 319 1885 vernus
327 1835 388 1897 die,'
400 1842 430 1885 ut
441 1837 477 1886 ait
489 1838 601 1886 Solinus.
628 1838 722 1886 Memi·
759 1839 845 1888 ‘nodi'
855 1846 933 1888 sunt:
951 1848 978 1888 et
986 1838 1054 1888 infra
1064 1840 1072 1867 ‘
1081 1842 1160 1901 uoto,’
1171 1851 1220 1901 pro
1231 1839 1293 1885 ‘no-

192 1911 431 1974 aitqueCic.Verr.
441 1927 478 1960 vr.
491 1914 644 1976 Etutroqae
652 1914 722 1976 prior
760 1914 812 1964 dol
838 1915 912 1964 daim.

193 1985 305 2035 Aristot.
322 1986 437 2049 Propter
455 2002 573 2052 campum
592 1989 662 2037 illum
681 1997 723 2039 est
790 1992 848 2055 Ipsa
858 1992 942 2054 jussit,
953 2004 1022 2041 mane
1032 1995 1059 2039 at
1070 1991 1124 2038 adca
1132 1987 1239 2049 uirgines
1249 2002 1293 2037 aa·

193 2062 722 2128 demersumforamemquobttempatrem
759 2066 815 2115 haut
829 2067 910 2129 Rosoe]
931 2068 971 2114 Ex
983 2065 1138 2114 membranis
1150 2065 1230 2113 Salm.
1248 2063 1292 2112 ad·

193 2140 227 2189 ad
238 2147 327 2203 raptus
339 2139 439 2189 Libera
451 2155 497 2188 seu
506 2142 669 2204 Proserpina
679 2155 724 2189 ex·
760 2148 846 2205 paret,
856 2156 932 2205 quam
944 2140 1057 2189 feliciter
1068 2141 1105 2189 sie
1117 2141 1177 2188 olim
1188 2141 1221 2188 ‹le
1232 2154 1293 2189 con-

194 2220 298 2264 euntem
317 2214 387 2264 fama
401 2215 485 2264 lucem
497 2216 621 2278 inaruisse,
632 2216 723 2265 eodem
757 2217 863 2280 jeetura
873 2216 1053 2266 emendaverit
1064 2216 1148 2264 locum
1161 2215 1223 2263 alias
1235 2229 1294 2264 cor·

193 2291 404 2340 Soliuoauetore.
425 2291 723 2354 Claud.deRaptuPro·
761 2293 935 2355 ruptissimnm
954 2293 1049 2349 ΒοιιιιιΙ
1058 2292 1091 2340 Ρ.
1125 2291 1293 2340 InMsc.ex·

194 2380 265 2429 serp.
276 2367 321 2416 lib.
333 2380 365 2414 ιι.
399 2366 491 2415 ‘Enna
503 2381 596 2430 parens
607 2367 722 2418 florium?
760 2375 833 2417 stant
852 2368 962 2428 vestigia
982 2381 1051 2416 verae
1072 2367 1209 2415 lectionis:
1236 2366 1293 2428 Ipsa

194 2447 224 2490 et
235 2442 337 2503 eodem,
359 2445 424 2489 ‘nee
439 2443 525 2490 mollia
536 2441 631 2490 desunt
642 2443 725 2492 Prata
755 2445 829 2504 jussit
845 2449 923 2493 ammi
939 2449 1000 2493 tate.
1033 2444 1077 2493 lta
1095 2443 1229 2502 librarius3
1245 2442 1293 2491 sed

194 2515 258 2577 rtbi;
275 2515 403 2579 Zephyris
412 2516 465 2565 illic
476 2516 625 2565 melioribus
636 2518 724 2567 halant
762 2527 853 2569 auctor
864 2519 956 2580 voluit,
965 2534 1032 2568 ruane
1050 2525 1077 2568 at
1096 2521 1157 2568 udae.
1173 2520 1197 2568 'l'
1209 2518 1291 2581 prol)

194 2592 324 2655 Purpurei
335 2589 604 2655 flores,quosnectua
616 2593 725 2654 protulit
762 2598 875 2646 scribere
895 2597 942 2659 ipsi
962 2595 1135 2659 perfamiliare
1153 2602 1181 2644 et
1199 2609 1295 2658 prope·

196 2668 271 2716 Enna
279 2666 294 2715 :’
313 2666 358 2713 lib.
370 2679 415 2714 ιιι.
440 2666 520 2714 ‘Non
531 2667 633 2731 qrralem
645 2669 725 2716 roseis
763 2672 866 2721 modum
878 2673 1012 2732 sollemne,
1028 2669 1207 2734 ‘Antipates,'
1224 2672 1295 2719 ‘Bm

196 2755 280 2804 uuper
298 2740 458 2790 convallibus
475 2743 557 2790 Enuae
579 2742 726 2805 Suspexere
763 2746 858 2809 siritis,'
883 2746 1030 2811 ‘potager,*
1055 2749 1062 2774 ‘
1075 2745 1193 2810 potium,’
1215 2746 1295 2794 ‘eam

196 2816 289 2866 Deaes'
313 2816 420 2879 ibidem,
444 2817 505 2866 ‘Sic
527 2817 572 2880 ait,
594 2826 621 2866 et
643 2819 727 2880 prima
764 2822 871 2883 siticus‚'
901 2820 1055 2882 ‘servitum'
1084 2819 1211 2881 ‘avitns,’
1246 2835 1295 2883 pro

196 2911 298 2960 gressus
318 2892 424 2944 molitur
440 2895 473 2943 ab
489 2896 573 2955 Enna,
590 2896 726 2960 Eritiiqae
762 2895 944 2960 ‘Antipodes,’
962 2896 1121 2958 ‘Busiridis,'
1146 2896 1296 2959 ‘podager,'

197 2986 255 3022 reos
271 2969 357 3033 flora,
375 2971 619 3035 ipsumquerapinae
631 2971 726 3020 Detes-
766 2971 907 3036 ‘podium,'
933 2971 1119 3031 ‘causidicus,'
1143 2971 1298 3035 ‘fervidus,’

195 3055 253 3098 tata
264 3047 368 3098 locam!
392 3046 494 3099 Quibus
504 3047 580 3108 loeis,
591 3054 619 3097 et
631 3056 726 3111 praete·
763 3048 771 3075 ⁴
784 3045 892 3104 avidus‚'
909 3051 937 3095 et
953 3052 1078 3096 sexcenta
1089 3047 1152 3096 talia
1162 3062 1214 3096 nou
1230 3049 1297 3097 osci-

143 3170 148 3185 -.
194 3137 240 3174 rea
259 3124 326 3186 aliis,
347 3121 452 3172 ‘Enna’
475 3121 655 3184 scribendam
675 3137 727 3173 non
764 3121 831 3172 tanti
841 3120 1017 3171 ineoCodiee
1028 3128 1178 3171 occurrunt.
1202 3121 1235 3170 Iu
1246 3123 1297 3172 hoo

195 3214 255 3249 oum
267 3199 354 3261 vulgo,
365 3196 499 3246 autetiam
512 3197 728 3261 eumParrhasio,
764 3198 885 3250 carmine
907 3211 975 3246 vers.
996 3201 1038 3247 26.
1062 3196 1161 3259 scribit,
1186 3197 1195 3224 ‘
1210 3199 1296 3248 Unico

195 3273 325 3324 ‘AEthna’
349 3272 418 3325 Qrain
429 3273 509 3321 etiam
526 3274 596 3337 apud
612 3275 727 3338 Oppian.
764 3276 858 3325 marita
867 3274 946 3324 uoto'
970 3274 1023 3322 Ubi
1036 3274 1107 3323 Pith.
1119 3274 1297 3337 aliiqaerecte

196 3348 259 3399 Hal
269 3361 314 3398 ιιι.
326 3362 377 3397 non
388 3347 502 3397 dubitem
519 3351 663 3401 rescribere
678 3351 728 3400 Ἐν·
765 3351 913 3411 ediderant,
923 3349 1026 3399 ‘noda’
1054 3351 1090 3398 Et
1100 3357 1201 3412 eontra,
1212 3351 1237 3398 D
1250 3366 1298 3415 pro

197 3424 269 3474 sabao
291 3439 339 3486 pro
358 3423 483 3486 Alrraloto,
503 3426 551 3474 boo
572 3427 639 3488 loco,
652 3459 726 3477 .....
764 3427 878 3478 Τειίιιιι
888 3425 1032 3488 saepissime
1046 3425 1172 3487 seriptum
1185 3426 1300 3490 reliquit,

196 3501 293 3552 ’mor'
310 3499 351 3550 dre
366 3499 451 3565 κούρην
467 3501 616 3566 Περσεφόνην
629 3502 729 3568 ἥρπαξεν
765 3501 844 3560 ‘Ad,’
861 3500 985 3565 ‘adque'
997 3499 1127 3563 ‘podres,'
1137 3499 1300 3563 ‘prodinus,'

197 3576 237 3627 ἄπ’
248 3575 365 3627 Αἰτναίων
373 3575 472 3639 rdposo:
490 3579 539 3628 Sed
549 3595 601 3628 cam
612 3581 729 3642 virginem
764 3579 926 3643 ‘pladanus,'
935 3578 943 3604 ‘
952 3576 1060 3639 medus‚’
1071 3576 1186 3639 ‘vades,’
1196 3577 1203 3604 ‘
1212 3585 1300 3626 musta

198 3655 366 3718 Proserpinam
381 3655 464 3718 rapuit
481 3653 512 3701 ab
529 3654 626 3704 AEtnoeo
642 3660 729 3704 suante.
766 3651 858 3715 videa,'
875 3666 933 3715 pro,
950 3649 1023 3714 ‘Aa’
1045 3655 1157 3714 ‘atqua’
1172 3650 1299 3713 ‘patrea’

197 3729 256 3778 imo
279 3729 310 3779 ab
332 3730 448 3779 ‘Ennaeo
469 3727 575 3777 monte.’
616 3729 657 3777 De
679 3744 730 3792 quo
765 3729 914 3792 ‘protinus,'
930 3725 1053 3788 ‘metur,'
1070 3725 1177 3788 ‘sates,'
1195 3725 1300 3776 ‘musta

198 3812 277 3867 raptu
286 3805 353 3868 lege,
365 3810 462 3867 praeter
474 3802 608 3853 Claudiam
620 3803 730 3852 Diodori
766 3802 855 3865 vitea,'
866 3809 895 3853 et
904 3802 1007 3851 infinita
1018 3801 1152 3866 ejusmodi.
1168 3800 1247 3852 Serio.

198 3878 278 3929 Siculi
289 3880 464 3928 narrationem
472 3877 547 3926 initio
558 3879 634 3928 lihv.
651 3879 730 3930 ovid.
798 3885 830 3932 28
856 3881 932 3930 Foeta
956 3879 1043 3944 Cypria
1064 3881 1094 3928 de
1114 3891 1206 3942 eruore,
1225 3879 1301 3942 deque

199 3960 271 4008 Part.
283 3973 322 4008 ιν.
340 3958 462 4019 ‘Raptus
473 3964 502 4004 ut
511 3955 626 4019 Virginis
637 3958 730 4010 edam!
766 3959 864 4011 Amoris
884 3958 985 4020 arealis}
1008 3957 1073 4006 Cum
1095 3957 1121 4006 in
1140 3957 1300 4007 membranis

201 4035 323 4084 Meminit
337 4041 366 4083 et
381 4033 577 4086 Cio.Verr.vr.
596 4035 659 4084 item
674 4037 729 4086 Liv.
767 4035 951 4100 repperissem,
967 4033 1042 4082 Foeta
1062 4033 1131 4096 prius
1151 4035 1180 4082 dr
1201 4047 1301 4091 morra

199 4111 246 4160 lib.
257 4125 316 4162 xiv.
327 4111 526 4174 compluresque
545 4109 598 4160 alii.
631 4109 731 4165 Aruob.
767 4124 828 4172 non,
844 4111 921 4158 Furta
931 4108 1009 4172 priua,
1029 4107 1157 4171 quomoda
1178 4109 1251 4172 Lips.
1269 4114 1300 4159 et

200 4185 247 4237 lib.
259 4200 284 4238 v.
299 4187 349 4240 ‘Ia
360 4200 466 4238 nemore
477 4187 592 4238 Ennensi
603 4188 731 4255 quondam
767 4187 839 4237 Pith.
850 4187 917 4250 prius
926 4192 1074 4237 truncatam
1086 4199 1187 4249 rocem,
1197 4191 1228 4237 ut
1236 4185 1300 4238 arrd·
