2752 4694
142 319 335 369 necessus
352 319 520 368 eoorcuu
539 318 620 368 uss,
636 320 666 365 c.
684 316 842 366 venenu
859 314 1040 365 cernens.
1105 296 1169 363 887

373 579 479 647 Codex
492 583 525 644 iu
544 577 654 645 Museo
671 578 870 647 Britannico.

114 745 202 810 Inter
219 742 317 810 Codd.
335 742 543 825 Hermiones,
558 746 607 813 N.
622 745 697 812 188.
712 747 790 813 cod.
805 745 987 811 membran.
1006 744 1169 812 illumine-

71 847 340 928 tus,pegg.120.
356 848 472 913 collat.
493 849 526 913 in
546 847 666 931 paucis
680 845 725 912 ad
739 847 818 911 edit.
839 845 874 909 J.
888 844 1024 910 Antonii
1040 844 1171 929 Vulpii,

72 967 149 1011 eum
161 949 290 1013 notulis
304 949 473 1014 rarissime
487 948 664 1032 inspersis,
678 955 713 1014 et
727 947 830 1012 variis
843 947 1057 1012 lectionibus.

115 1049 242 1115 Nullus
264 1050 351 1114 alius
373 1048 448 1114 cod.
473 1050 539 1116 Ms.
555 1048 682 1116 Catulli
696 1051 732 1114 iu
758 1048 975 1115 Bibliotheca
989 1048 1080 1112 Mus.
1096 1047 1170 1112 Bri-

73 1156 141 1211 tan.
156 1155 218 1213 est.
262 1149 305 1213 ln
319 1151 462 1215 transitu
477 1170 556 1216 vero
571 1157 727 1216 sommus
743 1136 893 1215 codicem
914 1151 1067 1233 impress.
1090 1146 1171 1227 (Ge-

72 1249 157 1327 tulli,
185 1250 322 1330 Tibulli,
347 1256 380 1316 et
408 1252 578 1335 Propertii
607 1251 783 1344 Polimate,
810 1251 920 1317 Paris.
945 1245 1062 1334 1543.)
1093 1268 1170 1313 cunr

72 1353 162 1414 notis
179 1349 265 1416 Mss.
279 1353 339 1417 sed
354 1372 455 1435 aquo
470 1354 607 1436 scriptis
620 1373 687 1417 non
700 1353 818 1436 liquet.

117 1450 301 1534 Cetelogus
334 1452 446 1519 Musei
471 1454 656 1519 Britannici
680 1452 807 1518 indicat
830 1453 1009 1518 editionem
1032 1468 1170 1535 opernm

74 1552 201 1617 Catulli
225 1556 268 1617 ab
295 1552 417 1619 Isaaco
439 1554 578 1632 Vossio,
603 1572 678 1618 cum
704 1552 792 1618 uotis
817 1554 903 1618 Mss.
926 1552 1090 1619 Bentleii:
1111 1549 1172 1614 sed

73 1672 256 1751 perpacem
271 1658 360 1733 sunt,
375 1663 410 1719 et
424 1654 468 1721 ed
490 1659 636 1739 quatuor
658 1659 790 1720 tentum
812 1674 912 1739 pagg.
924 1655 1082 1732 referunt,
1097 1651 1172 1718 156.

76 1764 151 1829 157.
166 1764 329 1830 158159.

471 1926 576 1992 Codes
592 1902 785 2021 Οῌιωίε.

122 2094 161 2157 In
184 2089 336 2156 Bibliotlr.
352 2090 447 2156 Bodl.
465 2091 588 2157 Conon·
603 2090 681 2158 Lar.
704 2093 759 2159 80.
784 2093 948 2173 Catullus,
971 2092 1050 2160 cod.
1072 2113 1174 2160 mem·

76 2197 170 2259 bren.
186 2194 399 2259 illuminatus.
445 2193 547 2258 Hunc
564 2193 716 2258 codicem
736 2192 860 2277 magni,
880 2201 918 2260 ut
930 2194 1070 2272 videtur,
1083 2195 1175 2261 sesti-

77 2298 180 2361 mavit
194 2294 368 2360 Canonici.
412 2295 528 2360 Veriee
549 2294 637 2359 enim
661 2295 827 2360 lectiones
849 2294 893 2360 ab
914 2295 990 2380 ipso
1005 2302 1175 2382 excerptos

77 2404 113 2460 et
136 2398 269 2461 collatae
294 2416 371 2461 cum
399 2397 542 2462 editione
567 2395 694 2463 Aldina
719 2396 933 2479 praetigrmtur
960 2397 1094 2478 codici;
1124 2398 1175 2463 sie

77 2497 230 2560 nimirum
245 2516 268 2561 a
282 2495 445 2562 canonici
458 2496 647 2580 inscriptos:
670 2495 808 2562 ‘Variae
824 2497 1001 2564 Lectiones
1015 2497 1175 2565 ceditis.

78 2596 221 2664 Catulli:
240 2599 421 2664 membran.
436 2599 470 2663 in
482 2598 545 2664 fol.
559 2617 640 2665 sese.
654 2614 735 2663 x1V.
746 2599 838 2684 apud
846 2598 912 2666 Ab.
924 2598 1089 2667 Canonici
1098 2619 1175 2666 cum

75 2698 226 2762 editione
240 2698 369 2765 Aldina
380 2701 477 2766 1502.
500 2696 659 2766 collater?
701 2699 835 2766 Harum
855 2720 943 2768 verr.
964 2703 1059 2769 lectt.
1082 2722 1175 2787 quee-

77 2799 158 2863 dem
179 2807 255 2866 sunt
280 2802 474 2884 singulares.
518 2801 676 2867 earmina
688 2801 846 2883 quaedem
859 2821 914 2868 res
927 2801 1077 2869 dirersm
1088 2808 1176 2869 trec·

77 2901 184 2965 tentie
193 2901 229 2964 in
239 2920 342 2965 unum
358 2919 481 2984 corpus
493 2902 740 2984 conglobentur.

121 3002 226 3082 Digni
246 3006 322 3066 sunt
342 3001 445 3066 etiem
460 3001 518 3086 qui
541 3002 596 3066 hic
617 3006 839 3068 memorentur
851 3002 1004 3086 impressi
1028 3003 1106 3070 libri
1123 3024 1175 3070 se-

78 3105 244 3186 quentes:
277 3098 441 3181 Catullus,
472 3102 638 3181 Tibullus,
670 3107 706 3166 et
733 3101 941 3187 Propertius,
970 3101 1052 3171 Ald.
1077 3104 1174 3170 1⁶⁰2.

77 3202 165 3289 (duo
190 3198 426 3288 exemplatim)
447 3201 526 3269 Ald.
547 3201 646 3268 1515.
669 3199 758 3286 (duo
783 3201 1019 3290 exemplario),
1040 3210 1074 3271 et
1095 3204 1174 3273 Are.

78 3304 177 3368 1554.
205 3306 330 3390 quippe
353 3304 388 3371 bi
409 3322 529 3369 omnes
551 3301 630 3368 libri
651 3301 709 3369 bic
727 3307 846 3369 extent
869 3323 946 3373 cum
972 3305 1073 3373 codd.
1089 3307 1175 3374 bles.

79 3406 209 3472 collati.
509 3416 512 3421 '
891 3444 894 3451 ·

125 3667 328 3735 Bibliotheca
345 3668 614 3762 cantabrigienses
635 3675 775 3756 nudum,
795 3675 832 3740 ni
850 3674 1009 3754 fallimur,
1023 3673 1176 3742 codicem

80 3774 247 3839 continent
261 3773 395 3844 catulli.
