2752 4694
163 319 227 387 488
412 334 449 381 ιι.
472 334 507 383 ι.
532 332 678 383 urunnrr
703 333 1008 382 cuuunnreurns

162 476 305 531 uerborum
320 474 428 526 licentia
442 481 472 524 et
488 474 596 525 lascivia
606 473 695 537 famis,
729 473 857 525 etmultis
868 488 901 524 cx
917 475 1039 525 Martiale
1055 481 1083 526 ct
1099 473 1210 539 Papinio
1225 476 1265 524 io·

163 551 282 603 convicia
292 549 409 614 quedam
420 549 447 599 iu
457 563 563 613 sponsos
571 550 695 613 jncutern
730 551 767 601 eis
776 551 898 614 cognosci
911 559 1008 614 potest.

164 639 207 681 ter
221 627 308 692 spargi
324 625 453 676 solebant:
472 625 541 675 unde
560 633 588 675 et
606 627 695 676 statim
764 631 812 676 ltu
830 626 980 688 cinerarius]
998 627 1041 676 lta
1057 633 1176 676 muneres
1187 641 1266 681 vora·

163 704 252 757 Poen
267 709 322 752 tum
339 715 420 764 puero
436 700 582 751 concubino
602 700 696 750 Manlii
731 701 809 762 baut;
826 700 894 765 quod
912 716 990 750 unum
1008 701 1040 750 dc
1059 701 1207 752 ministeriis
1225 717 1268 752 co·

165 778 324 845 petulantius
341 777 451 842 quodum
469 775 548 827 nrcdc
572 776 697 836 insultat3
732 792 788 827 rurn
806 784 881 839 esset,
896 777 1030 827 calefactis
1046 778 1073 826 iu
1089 778 1178 828 cinere
1197 780 1269 829 cala·

165 864 221 912 tum
243 853 370 905 Manlium
392 852 488 916 ipsum,
512 857 542 901 ut
563 851 640 901 nimis
667 851 696 901 iu
731 853 829 911 mintrio
839 853 1094 903 torrereac'ribrare
1105 845 1221 904 crinem}
1233 870 1266 905 co

165 945 263 997 pueros
278 929 431 994 proclivem,
452 932 537 990 notat,
554 933 608 977 turn
630 943 696 992 nup·
732 929 836 978 nomine
858 927 981 978 Afranius
1004 927 1162 979 Coruoedlam
1184 943 1268 995 quana

165 1007 415 1068 autumnoque
434 1018 463 1054 se
477 1004 505 1055 in
527 1017 555 1053 re
575 1005 696 1055 Venerea
733 1002 793 1053 dam
809 1004 940 1067 inscripsit
959 1019 1040 1054 suam.
1074 1005 1179 1055 Flavius
1199 1006 1269 1055 Sosi·

164 1084 220 1135 viro
231 1081 362 1132 difficilem
375 1079 509 1144 praebenti
527 1080 621 1144 alioqui
632 1079 697 1142 sore,
733 1088 820 1145 pater,
833 1083 841 1111 ‘
852 1080 1002 1142 Muliebre,'
1019 1081 1114 1146 lnquit,
1132 1082 1269 1134 ‘ministe-

165 1161 264 1223 utipsc
274 1156 381 1207 delicias
396 1155 501 1206 aliunde
514 1155 623 1219 petitum
635 1163 696 1207 eutr
734 1159 800 1207 rium
821 1157 968 1207 cinerarius
992 1157 1105 1207 dicitur:
1123 1172 1183 1207 nam
1198 1159 1270 1208 Catu

166 1248 242 1300 quarn
260 1240 343 1283 totam
360 1232 502 1283 verisimile
519 1238 562 1282 cst
577 1233 698 1283 chceni·
734 1231 1269 1298 monginibuaninieree,inquinnosnc

165 1325 256 1363 uerum
267 1321 388 1358 versuum
397 1308 533 1358 usurariam
543 1307 633 1359 fuisse.
735 1309 858 1371 capillum
877 1308 965 1358 cinere
981 1308 1144 1373 uugitabant,
1159 1315 1190 1359 ut
1205 1309 1272 1359 rutl-

200 1389 249 1437 its
267 1385 319 1434 Nec
327 1382 408 1444 ιιιιιιι]
422 1384 457 1434 Et
468 1383 575 1433 maritus
585 1384 642 1447 ipse
653 1399 699 1433 nu·
734 1385 775 1434 lus
787 1383 961 1435 esaetcrinisB

167 1477 214 1513 ceu
232 1461 551 1527 praesumptionem
570 1477 700 1527 ea,qnanu
769 1462 816 1510 141
834 1461 901 1508 Mete
921 1465 946 1508 te
967 1458 1105 1521 Abstinere]
1131 1458 1175 1509 Ita
1195 1460 1271 1509 snlax

168 1539 289 1597 diximus,
303 1552 403 1600 emesa,
422 1544 477 1587 tum
493 1543 523 1586 nt
540 1551 568 1586 se
588 1536 701 1601 puerilia·
737 1549 805 1597 esse,
816 1542 846 1585 ut
856 1534 987 1585 abstinere
998 1550 1050 1584 non
1061 1534 1153 1598 possis.

168 1615 255 1668 onnia
273 1613 420 1677 relinquere
434 1612 601 1673 ostenderet3
618 1613 701 1679 (uude
769 1612 853 1661 Ateio
860 1610 964 1674 glabrio]
983 1610 1005 1660 Α
1025 1610 1111 1674 pneris
1132 1610 1191 1671 tuis,
1207 1624 1274 1675 qno·

169 1689 388 1752 estillndVirgil.
405 1688 527 1759 ‘Sparge
542 1691 637 1740 marite
653 1705 702 1740 un·
738 1701 794 1736 rum
826 1702 901 1751 geum
931 1701 1058 1751 crureque
1084 1685 1156 1736 nulla
1184 1685 1274 1736 adlinet

168 1783 214 1818 ces
223 1766 253 1832 ι’)
269 1773 297 1818 et
305 1767 386 1831 ipsius
397 1767 563 1830 concubinus,
571 1773 601 1816 nt
609 1782 642 1817 ex
650 1769 700 1818 boc
738 1763 859 1826 lanugine
870 1763 1007 1812 violantur.

168 1844 227 1893 loco
247 1842 387 1906 colligitur,
408 1841 525 1892 indicans
545 1859 574 1893 sc
591 1844 703 1908 amplius
771 1844 821 1889 ltu
836 1838 930 1888 θοίιιιιι
938 1839 988 1888 bne
998 1839 1044 1888 tibi
1056 1855 1107 1902 qun
1121 1839 1202 1902 licent,
1213 1839 1276 1888 Scio

169 1920 270 1984 puerile
282 1918 344 1967 illud
355 1932 491 1981 pasturum
501 1934 552 1969 uon
564 1934 630 1969 esse.
738 1915 846 1978 mnitu]
860 1915 1008 1978 Occupatio
1018 1921 1059 1965 est
1069 1930 1077 1964 ι
1089 1921 1192 1978 poterat
1202 1915 1276 1966 enirn

203 1999 251 2045 lid
268 1993 398 2055 Tbelosaio]
418 1993 496 2044 Hunc
507 1993 663 2044 invocabunt
674 1994 701 2043 in
739 1992 853 2040 Manlius
871 1990 968 2052 dicere,
984 2005 1012 2039 sc
1029 1990 1063 2039 ab
1083 1991 1151 2038 omui
1168 1991 1275 2041 Venere

169 2071 277 2133 nuptiis.
300 2069 369 2119 Vide
382 2069 481 2118 Livium
493 2070 540 2120 lib.
551 2084 572 2121 1.
586 2078 615 2120 et
628 2072 705 2121 Pion
739 2066 832 2115 illicita
842 2065 1012 2125 abstinuerim
1028 2079 1114 2130 neque
1125 2065 1204 2115 ulium
1215 2078 1276 2115 esec

170 2145 356 2197 Problenans.
382 2145 435 2195 Hic
447 2145 561 2209 proipso
571 2146 704 2196 maurino·
740 2142 834 2204 regem,
849 2155 907 2205 quae
925 2146 1098 2204 vetaretquo
1114 2141 1199 2190 minue
1218 2141 1277 2204 inae

100 2229 104 2237 '
170 2221 339 2284 uicpcnitur.
741 2217 849 2267 arbitrie
869 2232 915 2266 suc
935 2231 968 2265 ex
989 2217 1076 2279 pueris
1094 2217 1148 2266 suis
1165 2224 1278 2281 caperet

203 2303 252 2349 1³6
269 2297 402 2348 Serdebuet
420 2296 466 2346 tibi
481 2297 579 2360 villice]
602 2298 650 2360 Tu,
664 2295 703 2346 in·
740 2293 919 2356 voluptatem:
946 2306 1032 2356 neque
1055 2292 1123 2341 enim
1142 2292 1277 2342 veteribus

171 2373 239 2436 quit,
248 2387 332 2436 nuper
346 2373 490 2421 villicatum
507 2372 660 2422 dissnariari
675 2380 703 2423 te
741 2375 819 2432 turpe
838 2368 995 2429 habebatur,
1017 2368 1126 2430 primurn
1143 2368 1218 2417 illuni
1236 2368 1278 2418 iu·

171 2447 334 2511 cupientium
344 2447 441 2508 oscula,
451 2461 498 2509 pro
509 2447 599 2497 innato
609 2445 705 2498 formo·
741 2444 827 2494 euntis
839 2444 926 2493 aetatis
935 2443 1055 2492 ardorem
1067 2444 1093 2492 in
1104 2443 1186 2494 servis
1198 2444 1279 2495 liber·

172 2521 209 2573 sis
220 2522 337 2572 omnibua
355 2521 486 2585 superbia,
502 2520 659 2585 refugiebas,
675 2528 704 2573 et
741 2518 808 2568 titre
819 2519 871 2569 suis
882 2533 1047 2569 consumere:
1065 2532 1150 2585 neque
1164 2521 1214 2569 hoc
1230 2533 1279 2571 nu·

172 2611 261 2649 eruore
288 2595 386 2645 domini
405 2594 490 2659 ferox,
508 2603 536 2646 et
554 2595 643 2647 formn
658 2597 704 2648 bo·
741 2593 876 2642 merabaut
896 2593 966 2642 iuter
991 2594 1143 2645 inhonestos
1165 2610 1280 2650 amores,

172 2686 222 2723 not
234 2678 340 2722 atnuuc
350 2675 424 2720 certe
433 2670 604 2721 istusaniruoa
613 2671 705 2723 demit·
742 2669 849 2719 Plautus
861 2669 1027 2733 Curculione,
1045 2672 1053 2700 ‘
1067 2671 1110 2719 lta
1128 2676 1201 2720 tuum
1215 2661 1290 2721 con-¹

172 2753 231 2809 ten
247 2761 307 2797 cnm
318 2752 347 2796 et
358 2745 473 2796 dominns
484 2747 518 2797 cd
528 2747 633 2812 nuptias
651 2748 704 2798 aui-
742 2740 810 2795 ferto
825 2759 937 2794 amorem
957 2759 1070 2808 semper,
1084 2747 1106 2796 si
1124 2748 1203 2811 aspis,
1225 2748 1279 2812 Ne,

173 2838 243 2874 mum
253 2821 382 2887 adjecerit
394 2828 421 2872 ct
433 2823 536 2873 tonderi
547 2831 575 2874 tc
581 2825 704 2888 jusserit3
743 2819 780 2882 id,
798 2821 866 2885 quod
888 2835 969 2884 amet,
987 2825 1098 2888 populus
1108 2823 1130 2873 si
1141 2825 1216 2888 aciat,
1228 2824 1279 2875 tibi

174 2899 246 2964 quod
266 2898 365 2952 iudicio
384 2905 435 2963 cst,
457 2904 486 2948 te
504 2899 531 2949 ei
552 2899 661 2962 amplius
677 2900 705 2950 in
742 2898 909 2963 s'itprobror’
923 2907 951 2950 et
967 2903 1126 2966 paulopost,
1143 2904 1235 2953 ‘Dum
1251 2909 1280 2953 te

173 2975 274 3028 deliciis
283 2990 335 3026 nou
346 2973 414 3027 fure.
446 2975 531 3025 Porro
542 2989 641 3027 comam
658 2991 706 3026 nu·
742 2975 873 3025 ubetineas
884 2986 976 3041 nupta,
987 2977 1072 3040 vidua,
1083 2978 1184 3043 virgine
1200 2979 1279 3043 lnge,

173 3053 240 3107 trine
261 3054 322 3104 olim
349 3052 423 3118 pueri
445 3053 551 3104 delicati
579 3053 706 3105 solebant.
743 3065 804 3114 uua,
819 3058 848 3100 et
864 3051 952 3114 pneris
969 3051 1067 3116 liberis,
1082 3068 1141 3104 ama
1155 3055 1225 3119 qnod
1242 3056 1281 3105 iu.

174 3130 272 3183 Horat.
296 3128 368 3180 ‘Aut
387 3131 479 3180 teretis
498 3129 583 3193 pueri,
601 3131 704 3193 longam
743 3125 808 3177 bet!
834 3125 923 3190 Atque
933 3126 982 3178 boc
993 3129 1071 3180 etiarn
1082 3129 1196 3187 affirmat
1206 3132 1280 3184 Plnt.

174 3206 323 3256 renodantis
334 3204 450 3255 comam!
467 3205 502 3254 Et
512 3204 707 3255 Martialinter
743 3201 788 3255 nbi
797 3215 901 3251 caussas
911 3202 1007 3268 reddit,
1019 3219 1067 3254 cur
1082 3206 1188 3270 ingenui
1203 3207 1281 3271 pueri

175 3287 274 3343 utera,
284 3295 341 3344 quen
351 3279 385 3329 ad
395 3279 472 3342 pueri
486 3279 706 3341 pulchritudinem
744 3276 842 3330 bullum
854 3283 996 3339 gestarent.
1013 3279 1051 3330 At
1060 3281 1187 3343 Catullum,
1199 3283 1280 3335 etium

175 3353 287 3417 nolunt,
296 3354 387 3416 exigit,
393 3353 440 3419 ‘lut
447 3354 537 3403 molles
548 3354 573 3404 ei
583 3355 651 3405 colla
659 3353 707 3406 lla·
745 3353 768 3403 si
785 3354 842 3415 lucc,
860 3354 952 3418 inqnit,
965 3354 1078 3405 nondum
1097 3358 1178 3407 ducta
1189 3371 1282 3420 nxcrc,

176 3428 384 3494 gelleutcomae!
412 3427 569 3493 Atquelrinc
584 3429 708 3482 uidelicet
746 3428 793 3480 tibi
815 3429 919 3480 licuisse
944 3431 1071 3495 norimus,
1099 3447 1168 3482 nunc
1192 3439 1282 3482 tanuen

161 3505 298 3570 ,Syncsius
315 3503 435 3568 sophista
446 3504 707 3568 scripsit,‘cinaedcs
745 3505 839 3556 marito
854 3507 913 3571 jum
934 3506 1026 3557 endem
1044 3508 1155 3573 amplius
1177 3522 1230 3558 nou
1250 3508 1282 3558 li·

177 3595 234 3633 esee
254 3595 347 3643 pucros
365 3594 464 3643 omnes,
481 3581 524 3646 qni
546 3582 648 3631 alerent
665 3597 709 3632 co·
745 3589 816 3634 cent.

176 3655 269 3718 mutui
304 3654 481 3707 tondebantur
505 3663 592 3708 notem
614 3671 708 3708 uxores
755 3662 828 3714 ,162
847 3657 956 3722 Tempus]
972 3656 1283 3723 Anuota‘ternpnu’cti-

176 3728 332 3788 ducentibus
347 3729 472 3781 dominis:
488 3737 534 3781 aut
545 3732 641 3796 alioqui
650 3746 709 3783 cnut
747 3747 789 3785 ans
801 3733 889 3797 priore
901 3746 1008 3782 numero
1025 3746 1073 3796 pro
1091 3739 1168 3796 parte
1187 3734 1283 3798 capitis

176 3809 226 3873 ipsi
231 3808 288 3872 jam
296 3806 487 3875 exolescerent:
501 3806 570 3870 quod
578 3808 709 3857 interdum
746 3808 811 3872 dici,
828 3814 921 3858 contre
942 3823 1019 3872 quum
1040 3809 1177 3873 Sosipater
1197 3815 1283 3873 putat.

177 3896 268 3939 munus
289 3897 363 3935 nove
389 3882 452 3946 ipen
474 3875 569 3946 'nepte
590 3881 708 3933 obibant.
746 3883 791 3934 Sic
801 3882 953 3934 Cornificius
965 3883 1176 3947 adHereuuinm,
1186 3885 1232 3935 lib.
1242 3900 1283 3937 ru.

177 3960 295 4009 Martini.
315 3959 440 4010 ‘Flumen
453 3963 577 4014 tenuntur
590 3960 713 4021 sponset:
747 3959 803 4010 ‘Et
819 3959 951 4011 dubitanti
971 3960 1102 4025 Graccho,
1122 3960 1185 4026 quid
1203 3970 1286 4026 esset,

175 4034 231 4099 janu
242 4035 312 4085 tede
326 4041 420 4099 parata
435 4040 490 4088 ests
507 4033 637 4085 Tondebit
647 4025 712 4098 puel
747 4048 831 4100 neque
843 4041 930 4086 tumen
945 4037 1041 4098 locum,
1057 4037 1083 4086 iu
1095 4052 1146 4101 quo
1157 4039 1285 4090 constite-

179 4108 282 4171 rcsjatn
292 4124 358 4159 nova
365 4114 448 4174 nupta
457 4113 534 4160 tuoe!
550 4110 616 4158 Fere
624 4115 710 4161 autem
749 4117 800 4174 rat,
810 4110 975 4176 relinquenti,
985 4115 1100 4176 percutit
1108 4115 1227 4177 tempus!

180 4196 262 4241 unna
271 4182 394 4242 unumne
409 4185 630 4248 diminuerint
645 4186 712 4251 Deo,
780 4186 898 4253 nuuc]
914 4186 960 4242 lta
975 4189 1059 4241 Varro
1078 4189 1286 4246 retenentes
