2752 4694
168 272 235 337 tltrz
515 287 635 336 suna.
660 286 787 335 rrvrur
811 287 920 336 norm

168 430 265 494 iuquit,
279 429 443 478 conciliatrix
454 427 505 479 isit
523 429 698 478 Russus·-
737 427 821 490 bonti,
842 427 976 479 nubebat!
1019 430 1055 478 lit
1081 443 1164 492 supra
1182 443 1222 479 rs.
1245 436 1275 480 8.

167 504 374 569 Sabinamque
385 505 493 568 nuptiis,
511 520 576 569 quas
587 504 700 553 Romulo
736 507 815 553 ‘rere
836 504 939 553 nubunt
957 506 1052 554 alites!
1096 504 1276 556 Quemadmo-

163 580 285 643 jamtum
296 586 431 642 regnante,
439 578 521 643 (nnsle
534 579 636 628 Romuli
646 594 700 627 ms·
735 579 914 645 dumquidem
925 582 1013 632 sosias
1031 580 1169 630 Μέτωνα
1179 581 1277 630 Persi·
1310 640 1314 647 Ι

168 662 211 704 ter
232 667 394 718 nequaquem
419 654 479 704 hinc
506 662 568 703 nata
589 653 700 716 ditetur,
736 657 827 719 gilium
843 656 892 706 hoe
910 666 1027 705 nostrum
1046 657 1198 705 Venerem
1213 655 1276 718 jan

167 730 210 780 set
221 730 347 792 tegetum)
359 731 459 794 junxit,
470 737 500 779 ut
514 745 547 779 ex
563 731 594 778 iis
606 731 699 778 Rham
736 730 830 779 citarit
847 737 875 780 et
891 732 1035 794 explicavit
1045 731 1079 780 sd
1091 731 1163 780 Non.
1174 746 1201 794 p.
1213 735 1275 782 128.

165 820 215 856 aas
226 813 254 854 et
265 806 383 857 Quirites
394 813 506 866 crearet,
514 814 541 855 et
557 807 582 853 iu
594 812 699 868 postera
736 806 839 855 Sabinae
851 821 955 872 quoque
970 822 986 855 a
1001 806 1142 855 severitate
1153 815 1183 854 et
1193 808 1276 856 easti-
1310 800 1313 805 ’

167 880 238 930 secla
262 891 399 945 utrumqne
427 884 566 944 Caesarem,
596 890 699 945 patrem
736 882 929 943 tatecelsbres,
948 896 999 930 nun
1017 881 1152 944 prostituti
1163 881 1275 944 pudoris

166 971 227 1008 conr
250 967 356 1020 nepote,
364 965 534 1022 propagaret.
567 958 698 1007 Rhamnes
735 959 886 1007 conciliauit
898 959 1021 1007 Romanis
1039 958 1093 1006 sais
1114 958 1203 1006 Venus
1224 973 1273 1007 nx·

167 1033 229 1097 qnid
242 1034 302 1096 sint,
311 1034 379 1095 apud
391 1035 548 1083 Commentt.
559 1033 652 1082 Horat.
662 1034 697 1082 A·
735 1047 802 1082 ores.
830 1034 891 1084 Qua
902 1034 1044 1083 (laralia.
1053 1033 1146 1096 inspici
1156 1034 1271 1097 poterit,

166 1123 270 1159 crooem
283 1110 438 1172 prasertim,
458 1110 564 1171 legend
583 1109 652 1159 istud
669 1111 697 1159 iu
734 1115 764 1158 et
779 1110 901 1160 Juvenal.
924 1109 1029 1159 modern
1051 1122 1157 1173 quoqne
1176 1112 1274 1172 tangit,

167 1183 234 1234 Arte
255 1184 331 1234 Poet.
355 1185 441 1233 ‘Celsi
460 1193 622 1248 praetereunt
639 1200 696 1236 sus·
734 1185 789 1234 ‘stt
801 1184 921 1248 t'ormoss,
931 1185 1270 1248 decens,dires,loecunsls,

167 1265 226 1310 tera
252 1259 373 1324 poemata
393 1261 538 1311 Rhamnes?
592 1261 624 1309 ta
646 1269 697 1324 est,
735 1267 850 1310 venatos
861 1261 1270 1323 Porticibuscispouatsroam
1308 1259 1311 1263 ’

168 1337 275 1401 Equites
286 1344 314 1386 et
326 1336 436 1387 Nobiles
445 1339 561 1394 Rotnani,
579 1338 697 1388 distincti
735 1337 831 1386 tectior
843 1341 912 1386 omni
923 1336 1045 1387 Crinibus
1063 1335 1153 1386 effusis
1170 1337 1271 1389 bellun

167 1427 184 1462 a
193 1412 350 1474 Quiritibus,
365 1428 472 1477 qnorum
492 1428 584 1463 nomen
605 1415 696 1477 vulgus
734 1412 872 1463 dirimente
882 1415 978 1462 Sabina
984 1414 1000 1462 :’
1013 1421 1041 1465 et
1051 1414 1183 1463 Martialis
1193 1414 1240 1464 lib.
1247 1429 1269 1465 ι.

166 1489 244 1537 etiam
267 1487 439 1550 promiscuam
462 1482 695 1552 complectebatur.
735 1490 824 1552 Epigr.
834 1495 858 1540 3.
875 1491 973 1540 ‘Casta
985 1506 1034 1540 nec
1045 1491 1158 1555 antiquis
1170 1491 1270 1540 cedens

166 1565 308 1615 Comenim
323 1565 695 1614 Romanorumetsabinornrn
734 1565 842 1613 Laeuitm
871 1567 994 1628 Sabinis,’
1023 1563 1137 1630 quaset
1158 1566 1206 1617 lib.
1226 1581 1270 1616 rx.

165 1654 240 1704 gens,
250 1655 309 1704 qua
321 1640 433 1689 Curibus
444 1640 570 1705 degebat,
578 1641 696 1690 miscere·
734 1639 824 1702 Epigr.
835 1645 876 1690 ts.
893 1641 1015 1702 ‘castas,'
1026 1649 1054 1689 et
1064 1641 1109 1689 lib.
1122 1655 1164 1690 xr.
1176 1641 1269 1704 Epipr.

165 1723 217 1778 tur,
235 1730 285 1765 troo
307 1717 410 1765 nomine
434 1716 585 1767 ‘Quirites’
606 1729 695 1764 omnes
734 1718 774 1763 tu.
790 1716 962 1778 ‘horribiles,'
986 1716 1204 1779 ‘simplicesque'
1220 1718 1268 1767 tio.

164 1794 292 1856 adpellari
303 1800 447 1856 caeperunt.
456 1794 512 1843 Liv.
524 1795 568 1842 lib.
577 1808 601 1843 r..
612 1796 695 1845 Scriv.
732 1803 762 1842 x.
784 1792 874 1854 Epigr.
891 1797 932 1842 ³5.
954 1793 1067 1842 vocavit.
1105 1793 1186 1843 Quod
1204 1808 1269 1843 uero

164 1872 270 1921 tametsi
290 1872 420 1934 legeretur
431 1872 456 1919 in
474 1871 600 1933 omuibus,
616 1880 695 1937 atque
733 1873 872 1931 tantopere
886 1869 1030 1918 Caesaribus
1049 1869 1148 1918 adulati
1167 1868 1270 1919 tuerint

165 1946 231 1997 stleo
243 1948 268 1997 in
280 1962 326 1997 suo
335 1961 436 2012 quoque
445 1948 497 1996 ills.
507 1949 694 2011 Romuleus,nec
731 1944 835 2008 Poetae,
846 1951 900 1994 tam
912 1946 942 1995 C.
953 1945 1035 2007 Julio,
1051 1960 1128 2009 quam
1144 1944 1267 2008 Augusto

162 2023 287 2073 damnare
296 2037 402 2085 prorsus
414 2023 476 2071 illud
488 2031 586 2086 posset,
597 2024 646 2088 ipsi
655 2031 694 2073 ta·
731 2019 858 2084 adoptato
869 2021 937 2069 illins
948 2021 1049 2082 nepoti,
1059 2021 1116 2082 ejus
1127 2019 1165 2067 rei
1173 2033 1267 2069 ansam

163 2090 224 2148 men
246 2099 396 2147 concinnior
415 2104 443 2146 et
464 2099 550 2160 potior
567 2098 620 2148 risa
637 2101 693 2149 haee
731 2094 1265 2163 prioripsemetsubministravitamplam.

162 2173 382 2236 lectio,esipente
393 2174 430 2222 ita
440 2175 579 2237 contentia,
590 2175 694 2237 Moxque
731 2171 775 2220 Sic
788 2172 856 2220 enirn
876 2173 982 2220 sueton.
1001 2171 1064 2218 Vita
1080 2169 1146 2223 lolii
1164 2177 1265 2231 narrat,

163 2248 283 2298 Martiale
293 2249 376 2297 maeltu
395 2249 437 2296 dot
450 2249 561 2310 priamum
576 2250 693 2311 virginem
728 2247 789 2297 'eom
806 2247 890 2297 adhoc
902 2249 1064 2299 Quoestorem
1082 2244 1180 2296 Juliam
1199 2247 1264 2294 ami·

164 2323 348 2387 Romulumque:
376 2339 430 2371 cum
449 2322 616 2386 Sullanum
630 2323 693 2384 Μ
731 2329 865 2372 tamsuam
876 2321 1028 2371 defunctam
1048 2335 1097 2384 pro
1116 2335 1189 2369 more
1208 2321 1264 2370 lau-

162 2399 267 2463 suptioa.
289 2400 356 2448 Unde
366 2398 464 2461 maguis
472 2405 499 2448 et
512 2398 631 2461 Quirites,
638 2413 691 2462 per·
730 2400 804 2449 (lasse
812 2414 827 2448 e
836 2399 940 2459 rostris;
949 2399 976 2446 in
988 2398 1063 2460 cujus
1072 2396 1220 2447 laudatione
1227 2397 1264 2465 sie,¹

162 2489 207 2537 pue
216 2476 303 2538 prolem
309 2478 428 2537 porterum
437 2474 622 2536 Ronmli,muter
629 2487 692 2521 crea·
729 2477 785 2539 ejus
797 2490 828 2524 ac
838 2476 920 2539 patris
933 2474 971 2522 sui
983 2482 1092 2536 unaque
1103 2472 1206 2534 origine
1222 2471 1265 2522 sic
1305 2502 1308 2512 ι

162 2553 199 2598 oit
209 2555 233 2600 et
244 2555 350 2612 nepotem
361 2552 487 2598 Curarem.
522 2548 554 2597 ld
567 2556 616 2606 est,
640 2550 691 2597 Ve-
731 2551 768 2599 ait
786 2552 914 2611 retulisse,
932 2549 1014 2598 veluti
1033 2563 1083 2597 non
1098 2547 1264 2597 adverbum

161 2641 210 2676 nus
223 2626 304 2675 Marti
321 2633 349 2674 et
368 2625 402 2674 de
425 2623 568 2673 concubina
588 2631 616 2673 et
639 2623 692 2673 filio
730 2626 816 2689 modo,
834 2626 879 2676 sed
891 2625 962 2675 etad
974 2639 1076 2673 uersum
1094 2623 1192 2686 primus
1205 2624 1263 2687 jans

162 2700 306 2766 prospexit,
322 2705 400 2763 atque
419 2700 479 2748 huic
491 2701 584 2748 iterum
597 2701 692 2750 Romu·
731 2700 974 2751 referan12⁴Amita
983 2715 1048 2749 mear
1059 2705 1206 2747 maternum
1216 2714 1262 2762 ge-

161 2779 203 2834 leo
214 2777 271 2842 ejus
283 2777 379 2840 populo
391 2776 423 2824 cle
435 2774 604 2839 conjugibus:
623 2776 692 2825 trude
729 2793 777 2827 uus
795 2778 827 2828 ab
848 2778 965 2842 Regibus
984 2777 1077 2826 Ortum
1096 2783 1152 2824 est:
1171 2782 1261 2839 pater·

162 2869 243 2918 genus
258 2864 286 2904 et
303 2854 382 2918 stirps
401 2852 494 2902 civium
517 2853 691 2902 Romanorum
729 2869 789 2904 num
801 2869 858 2903 cum
870 2855 926 2903 Diis
937 2851 1122 2902 immortalibus
1134 2851 1264 2913 Cuujunc·

160 2930 298 2980 nonmodo
310 2929 470 2991 continuata,
489 2927 534 2976 sed
553 2934 580 2976 at
601 2928 691 2978 eadem
729 2938 792 2979 tam.
827 2929 869 2978 Ab
890 2930 963 2978 Anco
982 2928 1081 2977 Martio
1093 2932 1153 2976 sunt
1165 2927 1260 2976 Martii

162 3006 229 3056 sarie
251 3005 345 3054 eadem
365 3003 476 3066 benigna
495 3007 580 3050 mater
602 3002 691 3052 Venus
729 3005 813 3068 Reges
824 3006 902 3068 enim,
919 3020 968 3069 quo
988 3003 1162 3052 nomioehuic
1174 3009 1262 3054 mater

161 3082 292 3130 Caesarem
313 3092 416 3144 quoqne
440 3093 487 3141 per
509 3078 690 3141 posteritatem
727 3078 945 3142 fuit3vAVenere
956 3079 1035 3130 Juliae
1043 3077 1116 3142 hujo'
1125 3079 1213 3141 gentis
1221 3077 1260 3128 fa.

161 3156 263 3205 Romuli
283 3155 438 3217 procreauit.
454 3155 458 3162 ’
471 3152 522 3201 Sed
534 3166 611 3216 quum
621 3153 689 3216 ipse·
726 3157 797 3205 milia
808 3163 856 3205 est.
875 3157 1040 3218 Nostroergo
1051 3155 1140 3220 generi
1149 3149 1220 3205 inest
1231 3162 1261 3205 et

159 3238 214 3280 met
233 3229 317 3279 Seria.
330 3230 440 3278 immane
452 3242 526 3277 tuum
542 3235 572 3276 et·
587 3228 630 3277 vix
642 3229 688 3276 im·
727 3232 826 3295 Regum
836 3233 970 3294 sanctitas,
978 3231 1030 3283 Qui
1041 3232 1178 3295 plurimum
1188 3232 1261 3281 inter

160 3317 237 3356 mune
245 3303 359 3353 interram
372 3303 470 3352 facinus
481 3302 601 3365 fateatur,
610 3303 688 3366 quod·
726 3306 840 3356 homines
849 3307 1083 3370 pollent,etDeum
1092 3307 1260 3371 Coerimonia,

160 3374 276 3445 qos'lroec
292 3379 369 3426 lectio
388 3379 450 3427 licet
467 3378 621 3438 verisimilis,
637 3393 688 3427 non
726 3383 752 3430 in
762 3397 869 3447 quorum
881 3389 1012 3445 potestate
1020 3383 1045 3430 hi
1053 3381 1167 3445 regatus!
1178 3383 1259 3434 Quod

158 3462 247 3505 tamen
267 3465 328 3501 vcra
348 3454 395 3502 sit:
419 3461 541 3502 maneant
561 3454 640 3516 igitur
661 3456 688 3503 in
726 3465 815 3521 postea
825 3459 868 3507 alii
881 3458 1030 3521 adripuere,
1047 3465 1075 3506 et
1086 3458 1159 3506 illum
1171 3458 1258 3520 ipsum

160 3536 231 3581 statu
247 3544 293 3579 suo
309 3529 416 3594 pristino
437 3529 473 3577 llll
492 3529 541 3591 ipsi
559 3528 688 3593 versiculi,
725 3522 822 3582 lullum
834 3541 895 3596 pust
906 3547 1005 3592 necem,
1021 3546 1078 3582 cum
1099 3533 1188 3581 statim
1208 3535 1266 3587 Cu.

159 3599 687 3670 uelsaneLipsii'amplexaoda'eritemen·
724 3616 806 3658 metes
833 3609 1007 3673 coptu-uisset,
1032 3598 1102 3657 inter
1121 3609 1210 3658 sidera
1229 3617 1258 3661 et

158 3684 239 3734 datio.
266 3684 400 3733 Romuleae
413 3697 513 3748 quoque
525 3683 624 3746 nuptiae
636 3698 686 3733 non
724 3684 795 3732 Deos
805 3684 973 3746 collocarunt,
985 3693 1064 3747 atque
1074 3681 1195 3733 familiam
1208 3686 1260 3738 Jn·

95 3806 98 3813 .
158 3761 687 3824 vereerant‚sedinnuptmnuptiae,qoia
723 3757 782 3806 liam
795 3765 990 3808 consecrarunt.
1023 3758 1066 3807 Slc
1076 3758 1168 3809 Manil.
1177 3759 1225 3811 lib.
1235 3775 1255 3812 r.

98 3824 102 3834 “
156 3851 206 3888 uec
223 3837 309 3886 velato
323 3836 410 3899 capite
428 3842 516 3899 nuptm
534 3835 686 3898 nuptialiter
722 3833 906 3898 ‘Venerisque
917 3833 951 3882 ab
963 3834 1064 3896 origine
1078 3834 1164 3896 proles
1182 3834 1256 3889 Jutia

156 3910 261 3962 merant
274 3911 392 3961 Sabinaet
411 3911 457 3960 sed
470 3910 684 3960 communaistnd
722 3908 858 3957 descendit
876 3910 941 3960 coelo
968 3910 1113 3971 coelumque
1128 3911 1256 3974 replebit,

156 3988 217 4037 olim
226 3985 275 4036 tuit
285 3987 366 4060 omnis
375 3985 685 4046 coitusvocabulum,non
721 3983 798 4034 Quod
810 3984 877 4047 regit
888 3983 1022 4048 Augustos
1032 3984 1102 4035 socio
1121 3999 1169 4048 per
1179 3986 1256 4050 signs

151 4068 256 4111 ustum
269 4061 379 4124 legitimi
391 4075 422 4110 ac
433 4060 507 4124 justi.
543 4060 683 4109 Paulusex
720 4060 855 4109 'sonante'
1287 4060 1292 4070 '

157 4137 245 4201 Festo,
268 4135 417 4199 ‘Pollicem
437 4137 496 4205 quta
515 4139 624 4192 uxorrm'
642 4134 683 4184 lta·
752 4139 783 4191 lt
803 4129 1130 4201 Crurumet,quisumquom
1142 4139 1251 4199 amorim
