2752 4694
1163 331 1227 394 707

134 484 166 535 ab
175 483 360 548 lodis,Persls,
368 485 591 550 compluribusque
603 486 660 534 aliis
701 493 768 536 turm
779 499 810 535 ea
827 491 887 535 sunt
902 486 1047 538 eruditione
1064 487 1228 550 prediti,'ut

134 562 237 622 populis
265 562 291 609 in
326 575 397 610 sitam
424 561 535 625 linguam
562 561 661 610 fuerint
700 561 750 610 mei
763 563 848 625 potius
858 563 966 611 ornandi
976 578 1075 622 caussa,
1084 578 1160 628 quam
1172 572 1228 614 uta

134 637 266 685 translata.
300 636 371 688 Quin
386 637 420 686 de
437 637 515 701 ipsius
532 637 661 687 natalibus
701 650 742 684 me
749 635 885 699 quicquam
895 635 1110 701 perdiscant,hne
1117 654 1161 688 eos
1168 632 1227 688 eon·

132 708 232 771 aliquot
242 709 405 760 nobilissimae
416 711 528 765 Gracia
542 711 661 760 civitates
703 712 801 761 venisse
811 726 942 761 censeam:
960 712 1049 762 horum
1061 729 1110 778 ego
1124 716 1228 765 auribus

134 784 271 844 plurimum
294 785 500 847 contenderunt3
526 787 585 836 dum
613 787 662 836 Co·
701 786 799 835 dlutius
811 787 1057 837 molestuoessenon
1066 789 1155 839 debeo.
1175 790 1229 840 Ad·

134 861 258 923 loplronii,
276 862 411 924 smyrnei,
431 862 498 925 Chii,
515 861 601 922 lones,
619 862 663 911 Sa·
701 861 825 912 doetiem
836 876 877 911 me
891 864 1146 927 atemporisrpatio,
1161 866 1228 928 quod

133 936 228 985 laminii
245 937 365 986 certatim
383 937 432 986 sibi
448 952 507 987 sum
525 937 662 988 vendicare
702 937 762 986 mihi
784 937 818 985 ed
843 938 981 989 dicendum
1007 939 1113 1002 siugulis
1141 938 1230 990 diebus

134 1011 221 1059 eonati
230 1019 297 1061 sunt.
331 1012 400 1061 Nam
408 1027 456 1062 cur
466 1019 505 1063 tot
513 1015 621 1077 populos
629 1013 662 1063 de
702 1014 788 1076 datur,
798 1012 874 1064 facile
884 1014 1024 1078 admoneri,
1041 1030 1074 1065 ne
1088 1015 1229 1079 longiorem

133 1087 207 1135 nnius
218 1086 326 1136 hominis
336 1088 467 1137 natalibus
477 1094 614 1153 tantopere
627 1091 662 1138 la·
702 1102 845 1138 sermonem
863 1089 991 1152 exordiar,
1008 1105 1084 1154 quum
1099 1089 1143 1154 qul
1155 1090 1229 1139 unius

542 344 581 395 ΙΝ
606 344 824 394 GATULLUM·

89 1193 92 1197 -
134 1161 237 1213 boresee
248 1164 372 1226 dicemus,
386 1165 408 1213 si
424 1164 535 1227 podticae
550 1166 662 1215 studium
703 1164 800 1212 horulae
812 1164 920 1213 decursu
941 1165 1038 1214 absolvi
1057 1172 1152 1230 queat;
1171 1179 1239 1218 nam,
1307 1223 1310 1226 Δ

134 1245 186 1286 tem
208 1240 266 1287 leve
289 1244 360 1287 esset
381 1245 409 1288 et
433 1240 663 1302 contemnendum,
704 1239 945 1303 eumdeindequasi
961 1240 1231 1290 inediumabscindere

134 1328 211 1376 quam
223 1313 266 1360 isti
274 1314 378 1362 volunt?
394 1314 609 1365 contemnendum
620 1330 663 1363 au·
703 1323 782 1380 atque
800 1315 999 1383 interrumpere,
1018 1329 1066 1364 nec
1085 1316 1163 1367 decet
1181 1330 1231 1367 neo

134 1397 186 1437 tem
193 1390 202 1436 i
209 1389 260 1436 imo
267 1402 340 1451 vero,
347 1390 395 1439 nisi
402 1391 428 1439 id
438 1392 539 1440 caeteris
546 1391 663 1440 omnibus
704 1390 820 1453 expedit.
847 1390 886 1440 Ac
896 1391 929 1439 de
939 1391 1091 1454 prestantia
1101 1390 1232 1443 facultatis

134 1465 277 1526 disciplinis
287 1465 363 1529 longe
375 1474 445 1517 esset
463 1465 663 1530 praeferendum.
704 1467 814 1531 po'e'tiete
831 1467 939 1518 strictim
952 1468 1055 1534 quidem
1067 1482 1115 1531 pro
1125 1469 1164 1518 rei
1175 1468 1232 1531 dig·

134 1542 257 1605 Denique
269 1557 327 1592 cum
347 1549 400 1592 tam
416 1545 506 1593 multa
521 1544 609 1595 laudes
621 1544 664 1615 uni
703 1543 1234 1608 uitate,sedtamenabundeprotempore,

135 1618 251 1667 Homero
270 1618 424 1682 tribuantur,
439 1626 468 1669 ut
486 1626 582 1684 praeter
596 1635 663 1669 conr·

134 1696 221 1756 plures
232 1695 294 1744 alios
307 1696 373 1744 viros
385 1695 582 1756 eruditissimos,
591 1695 664 1745 nobi·

134 1769 165 1816 lis
178 1769 302 1833 inprimis,
310 1777 337 1819 et
347 1770 474 1820 variarum
484 1786 567 1821 rerum
576 1771 664 1834 cogni·

136 1845 205 1894 tione
222 1845 391 1908 percelebris,
401 1847 555 1897 Plutarchus
570 1847 664 1897 Chero-

135 1935 206 1968 naeus
220 1921 392 1983 justissimum
405 1924 615 1972 commentarium
631 1922 665 1971 de

135 1995 197 2056 ipsis
208 1996 358 2058 confecerit,
369 1997 430 2061 quid
439 1997 543 2046 tandem
552 1997 665 2046 dicemus

136 2071 168 2118 tle
186 2071 306 2120 universo
326 2071 434 2134 poeseos
451 2086 555 2135 genere,
571 2072 604 2119 de
615 2084 665 2135 quo

135 2146 214 2194 etiam
236 2147 303 2194 idem
326 2152 417 2194 auctor
435 2146 665 2194 luculentissimum

136 2221 229 2270 librum
241 2221 351 2283 posteris
369 2220 482 2283 reliquit,
493 2227 521 2268 et
538 2220 665 2283 quomodo

137 2295 279 2357 generatim
289 2296 374 2356 podtae
392 2295 444 2343 sint
455 2294 575 2343 audiendi
588 2297 666 2359 pluri·

138 2373 186 2419 bns
195 2384 241 2418 nos
253 2368 377 2419 edocuit?
411 2369 485 2421 Quod
496 2370 517 2418 si
525 2384 557 2419 ex
568 2371 667 2420 Latinis

135 2445 273 2509 Virgilium
283 2446 397 2508 inprimis
404 2445 568 2496 considerare
577 2448 668 2509 libent,

137 2538 169 2571 ex
187 2522 282 2571 nostris
301 2523 417 2572 Etruscis
434 2524 591 2588 Torquatum
607 2525 667 2573 'l'as-

136 2598 209 2658 sium,
227 2609 303 2660 quem
321 2611 370 2660 ego
391 2598 525 2660 plurimum
538 2598 666 2662 admiror3

136 2673 178 2720 ieie
190 2685 251 2720 vero
264 2678 314 2732 est,
325 2672 368 2722 ubi
380 2687 467 2724 omnes
483 2675 585 2724 omnino
597 2676 666 2740 inge·

137 2749 173 2796 nii
194 2754 221 2796 et
238 2750 393 2812 eloquentiae
409 2751 477 2800 uires
494 2753 547 2802 sint
563 2755 667 2815 penitus

137 2822 313 2884 effundendae3
333 2840 486 2889 quamquam
496 2827 667 2876 nullumadeo

137 2906 302 2962 praestantem
321 2907 449 2949 oratorem
467 2916 577 2965 unquam
598 2902 667 2950 inve-

138 2975 187 3023 niri
216 2989 290 3037 posse
318 2974 481 3035 crediderim,
504 2977 548 3039 qui
576 2978 665 3024 hortum

138 3049 227 3098 laudes
239 3064 285 3112 pro
306 3048 444 3110 dignitate,
454 3056 491 3111 et,
509 3058 538 3098 ut
557 3065 597 3099 res
608 3051 666 3113 ipsa

138 3127 262 3189 postulat,
279 3125 425 3187 exprimere
442 3132 529 3188 queat.
562 3126 613 3174 Sed
625 3141 667 3174 me

138 3213 189 3254 tam
204 3205 322 3267 praeelari
330 3203 408 3252 studii
420 3219 508 3254 amore
519 3210 667 3265 correptum

137 3282 213 3330 eitius
232 3281 273 3328 hie
294 3287 371 3341 atque
394 3280 461 3328 alter
479 3280 535 3328 dies
554 3277 669 3341 deliciet,

95 3352 99 3361 ”
138 3370 214 3420 quem
224 3355 282 3404 huic
292 3353 402 3402 sermoni
410 3353 486 3404 linem
497 3357 634 3418 imponam.

198 3480 408 3532 PRAELECTIO
426 3483 605 3534 SECUNDA.

704 1620 826 1668 hesterna
834 1619 877 1668 die
885 1618 982 1668 dixisse
990 1620 1072 1668 uideri
1082 1633 1193 1682 possum,
1203 1626 1233 1668 nt

704 1695 767 1744 nihil
789 1695 858 1744 uliud
880 1696 906 1743 in
928 1696 1066 1758 praesentia
1085 1695 1181 1744 addere
1200 1695 1234 1744 ait
1332 1694 1335 1699 ’

704 1786 824 1831 neceese3
847 1772 896 1821 uiri
907 1773 929 1820 ri
939 1772 1002 1820 illud
1015 1772 1093 1821 etiam
1105 1771 1233 1836 subjicere

705 1848 779 1909 libet,
796 1847 864 1911 qnod
877 1862 954 1896 unitur
965 1861 1015 1911 per
1026 1861 1052 1896 se
1070 1847 1152 1911 iprum
1169 1847 1233 1896 satis

706 1924 842 1974 ostendere
853 1930 950 1987 posset,
958 1937 1004 1972 eur
1012 1922 1115 1986 poetam
1123 1923 1234 1986 aliquem

705 1999 877 2049 enarrandum
903 1999 951 2046 hoo
978 2012 1046 2047 anno
1073 1996 1233 2060 sumpserim.

706 2075 760 2122 Nos
772 2072 904 2134 videlieet,
916 2073 959 2138 qui
970 2072 1131 2122 humaniores
1146 2073 1234 2120 literas

706 2151 913 2211 interpretamur,
925 2147 976 2197 duo
990 2148 1144 2210 scriptorum
1158 2160 1236 2208 gene·

706 2240 735 2274 rs
756 2226 783 2272 in
804 2223 952 2272 universum
975 2221 1109 2284 proposita
1130 2220 1235 2284 habere,

707 2315 814 2364 quorum
827 2299 908 2347 ductu
919 2311 1029 2346 annuum
1041 2297 1108 2345 herne
1121 2296 1236 2345 curricu-

708 2377 759 2424 lum
776 2373 951 2434 conficiamus,
963 2378 1089 2434 oratores,
1106 2371 1237 2434 videlieet,

708 2465 738 2499 ac
750 2449 856 2514 poitas:
875 2462 922 2511 per
932 2456 1049 2497 oratores
1066 2454 1152 2496 alitem
1167 2461 1236 2496 urrnc

708 2526 826 2587 intelligo
838 2524 929 2574 laxiori
939 2522 1072 2585 uocabulo,
1089 2523 1235 2587 quicunque

709 2600 826 2664 pedestri
836 2614 954 2650 sermone
965 2599 1104 2660 incedunt;
1115 2614 1162 2663 per
1174 2597 1235 2662 po'e'·

708 2683 748 2725 tas
765 2690 837 2737 vero,
858 2678 902 2740 qni
921 2676 993 2741 qumi
1012 2691 1077 2742 equo
1095 2676 1236 2725 insidentes

707 2751 839 2800 sriblimius
855 2751 1016 2815 gradiuntur.
1051 2752 1110 2800 Hoc
1125 2766 1183 2800 cum
1198 2750 1236 2801 ita

707 2826 750 2886 sit,
768 2826 858 2886 putavi
873 2823 939 2885 fore,
957 2831 987 2874 ut
1002 2825 1070 2874 omni
1083 2838 1186 2887 prorsus
1198 2839 1237 2873 re·

707 2899 877 2961 prehensione
893 2913 1019 2960 carerem,
1034 2900 1056 2947 si
1072 2899 1178 2946 alternis
1193 2913 1237 2946 au·

707 2975 746 3021 nis
758 2978 885 3021 oratorem
900 2974 1019 3037 aliquem,
1035 2979 1063 3022 et
1081 2973 1182 3034 poetam
1200 2973 1237 3021 in·

706 3054 864 3110 terpretarer
872 3064 879 3108 3
888 3054 914 3096 et
927 3049 1117 3099 cumhactenus
1130 3047 1168 3095 M.
1174 3047 1238 3095 Titl-

706 3122 734 3170 lii
745 3122 885 3170 orationem
897 3136 945 3185 pro
962 3123 994 3171 P.
1007 3121 1124 3182 Quintio,
1135 3122 1237 3184 Virgilii

708 3199 847 3260 Georgica,
859 3198 967 3247 Caesaris
983 3198 1186 3248 Commentarios
1203 3197 1237 3246 de

709 3273 1238 3336 belloGallicovobisexpliearerim,eon·

708 3363 818 3415 sequeus
835 3355 892 3399 erat
909 3364 941 3398 ex
960 3349 1051 3399 ordine
1071 3350 1124 3412 illo,
1143 3358 1171 3400 ut
1189 3351 1237 3399 hoe

707 3440 775 3476 anno
785 3426 891 3491 politam
906 3416 1017 3492 aliquem
1034 3427 1059 3477 iu
1077 3442 1178 3477 manum
1196 3444 1238 3477 su·

707 3517 811 3552 merem.
833 3503 993 3568 Quamquam
1006 3505 1076 3553 soleo
1087 3519 1136 3567 ego
1147 3506 1238 3554 lautis-

171 3584 280 3634 Vidistis
297 3584 418 3634 hesterno
441 3586 482 3635 die
503 3584 669 3650 (Audiense.)
709 3578 829 3627 simorum
840 3579 1015 3629 conviviorum
1032 3585 1175 3629 structores
1188 3593 1238 3628 non

140 3676 214 3727 quam
226 3674 350 3723 suspensa
360 3675 437 3710 manu
447 3676 478 3710 en
490 3660 630 3724 attigerim,
641 3666 669 3709 et
708 3654 838 3705 illibenter
847 3655 951 3718 imitari,
961 3657 1004 3720 qui
1015 3666 1105 3704 carnes
1113 3653 1152 3702 ita
1160 3668 1238 3715 appa·

140 3739 212 3802 qnasi
227 3737 310 3800 digito
324 3736 551 3799 srrbindicaverim,
562 3751 619 3801 qne
634 3735 668 3784 ab
709 3736 813 3793 renunt
821 3743 972 3785 ramesense
980 3729 1083 3778 minime
1092 3726 1238 3789 videantur,

140 3814 197 3861 aliia
218 3813 341 3876 prolixius
359 3819 387 3862 et
406 3812 535 3875 copiosius
556 3819 668 3861 tractata
709 3813 756 3856 aut
774 3813 846 3855 certe
865 3805 940 3868 cujus
961 3802 1096 3854 animantis
1117 3816 1156 3850 oa
1178 3801 1239 3865 sint,

140 3894 200 3936 sunt
221 3889 254 3936 de
272 3887 389 3937 laudibus
409 3887 559 3951 poetamnr:
583 3900 668 3950 neque
708 3882 775 3932 haud
788 3883 824 3930 ita
837 3880 915 3930 facile
932 3880 1086 3944 dignoscas;
1107 3875 1188 3927 efficit
1200 3876 1238 3924 ui-

141 3962 216 4009 aliter
226 3963 286 4011 milri
302 3968 431 4026 perpetuo
448 3961 594 4011 faciendum
612 3973 669 4009 esse
709 3959 802 4008 mirum
817 3958 866 4008 hoe
883 3957 994 4007 varietas
1012 3959 1039 4002 ct
1057 3953 1132 4015 copia
1151 3950 1238 4000 eondi-
1259 3956 1262 3970 ¹

137 4037 240 4098 judico,
252 4035 300 4085 nisi
311 4039 470 4087 humanitate
489 4042 576 4086 vestro
594 4038 669 4098 plane
710 4042 863 4084 mentorum.
881 4031 1038 4082 &nvitatus
1049 4027 1152 4092 quidam
1163 4027 1239 4076 Chal·

140 4112 212 4160 abuti
225 4111 295 4170 volo;
311 4113 448 4177 nam,‘licet
459 4110 568 4161 docendi
582 4115 670 4173 partes
709 4112 829 4174 eidemin
848 4123 899 4175 quo
921 4121 977 4157 cum
999 4107 1059 4167 jura
1080 4104 1184 4168 hospitii
1203 4103 1237 4154 T.

141 4189 183 4238 irie
205 4186 354 4251 sustineam,
372 4189 489 4254 plerique
509 4195 595 4240 tamen
614 4201 669 4239 ves·
711 4185 818 4240 Quintio
837 4185 952 4235 Romano
968 4182 1238 4245 imperatoriinterce·
