2752 4694
382 285 635 336 eructuaret
660 284 731 332 eno
753 284 942 334 caruero.
1132 271 1199 336 663

104 432 276 493 numerosius,
297 431 347 481 iiiia
369 437 467 481 tautum
492 426 631 494 ignorabile
668 425 783 476 terendo
802 425 971 491 diligentiam,
988 425 1129 492 quaidem,
1144 427 1198 479 ‘de

104 510 236 573 objectum
247 507 278 554 iri
290 507 411 566 arbitror,
423 506 477 570 qui,
491 504 569 569 ‘quid
582 503 632 552 die·
668 515 696 551 ae
715 501 738 551 ei
756 500 873 552 creditur
885 501 954 565 ipai,'
966 503 992 551 iu
1005 501 1137 552 vocabulis
1148 502 1200 554 tili·

105 589 163 635 tent
173 598 227 633 rora
236 582 348 645 lupinia,’
359 582 487 645 ignorant.
671 578 772 643 prircie,
782 593 812 629 ac
823 578 979 629 dictionibur
995 579 1200 645 elegautioribue

670 655 902 705 commemorandia
925 654 1138 718 explicandisque
1159 661 1201 705 eat
1307 664 1319 675 ·’

284 706 405 758 CAPUT
422 708 461 757 ¹¹·
657 745 731 780 naue
741 748 749 781 r
759 729 853 796 quibua
864 729 888 779 ai
896 742 944 779 um
956 727 1084 778 mendacii
1092 742 1201 793 coargu-

107 809 224 861 Lucretii
243 809 377 873 Interpree
393 822 470 873 quem
488 808 515 858 in
531 809 634 860 Catullo
671 798 814 867 erevolet'3
832 811 861 855 at
883 805 927 868 pul
946 803 1019 855 ilium
1037 816 1089 853 oon
1101 805 1201 868 poterit

138 883 244 946 irnatra,
265 882 316 932 imo
337 883 409 932 nihili
436 881 524 946 fuerit,
546 883 634 935 detec·
670 880 823 931 familiarem
842 893 928 931 menm
957 879 1080 930 Plautum
1101 880 1201 946 inquio,

140 965 205 1010 tum.
671 956 974 1021 eujneegoauotoritate
986 952 1201 1016 confirmatum

139 1036 243 1086 Murra
262 1040 322 1085 aunt
339 1034 408 1099 apud
428 1036 556 1100 antiquos,
576 1050 634 1101 qua
671 1034 771 1084 Catulli
792 1033 848 1083 elue
870 1045 941 1082 noxa
961 1044 1030 1095 erae,
1054 1030 1203 1097 habereque

106 1126 167 1162 cum
178 1112 331 1161 Meneclium
348 1110 471 1161 Plautino
483 1125 529 1176 pro
540 1111 636 1160 inaanla
671 1117 746 1159 recte
764 1109 846 1160 licere
864 1122 923 1159 roeo
940 1107 1058 1172 periculo
1069 1106 1201 1170 spondeo:

108 1187 207 1250 babitu,
219 1187 307 1236 rtatim
322 1188 348 1235 in
365 1186 517 1237 medicinam
533 1187 636 1250 rapiun-
672 1190 777 1247 paratur
797 1185 867 1234 ultro
884 1183 964 1233 etiam
980 1194 1039 1232 oum
1054 1182 1202 1232 advertarlo

107 1261 635 1328 tur,opera,inquam,etcomiteteeorum,
671 1262 767 1326 pigner
784 1260 861 1321 dare3
881 1259 951 1310 baud
967 1257 1070 1323 quidem
1081 1259 1109 1309 in
1120 1259 1204 1320 multi,

106 1340 162 1405 qui,
173 1346 202 1389 ut
218 1340 332 1405 ejusdem
349 1353 427 1403 porro
440 1339 539 1389 Comici
551 1337 636 1392 verbio
672 1351 705 1387 ne
727 1337 784 1404 quie
805 1347 886 1398 erret,
907 1335 951 1384 aed
970 1349 1033 1385 vero
1050 1335 1076 1384 iu
1096 1335 1204 1384 ellebori

108 1415 136 1465 iu
156 1430 185 1466 ra
202 1417 331 1466 simillima
354 1417 394 1466 uti
415 1430 532 1479 pergam,
557 1415 635 1466 ‘dum
671 1427 772 1475 urnam,
790 1413 832 1463 vel
854 1410 1008 1477 quadrantal
1025 1410 1126 1474 potina:
1150 1425 1202 1476 qou

108 1490 171 1540 alioe
192 1505 328 1554 perperam
352 1492 464 1542 insanire
482 1492 636 1556 pradicant,
672 1489 794 1539 videlicet
815 1493 843 1539 et
867 1486 1029 1538 Sicambrom
1050 1491 1152 1550 pertua,
1174 1491 1204 1535 et

109 1565 159 1628 ipai
182 1565 340 1615 ineaniuutz’
366 1568 448 1616 veluti
472 1567 636 1631 lepidissimir
672 1572 752 1630 caput
778 1565 862 1616 tribue
890 1563 1023 1630 Autyclrie
1050 1564 1202 1622 inerrabile,

108 1640 160 1690 illia
180 1642 276 1691 Catulli
295 1643 327 1691 ad
348 1642 510 1707 Iprytbillarn
525 1643 637 1693 Pbalau·
673 1639 822 1705 detergere,
830 1640 913 1704 piare,
929 1654 960 1690 ae
972 1640 1075 1704 punitor
1093 1654 1203 1704 perpur-

109 1716 157 1766 oiie
168 1717 270 1778 evenit;
289 1717 358 1781 quod
377 1718 471 1766 clarina
486 1725 516 1769 ut
526 1719 637 1782 liqueat,
673 1730 736 1780 aare
758 1717 854 1781 poerit:
877 1730 929 1782 quu
950 1721 1089 1780 expatrato
1113 1715 1204 1780 probe,

109 1791 237 1856 integrum
256 1793 638 1859 Poitaeipeioeloeumpropo-
673 1807 778 1857 eumpse
800 1806 860 1844 mox
882 1792 914 1842 ad
937 1793 1026 1842 Plauti
1042 1793 1129 1845 lomim
1142 1792 1203 1842 buic

110 1880 187 1916 nam:
208 1869 308 1932 Amabo,
334 1884 385 1919 meo
405 1871 480 1920 dalcb
500 1870 636 1935 ineptiam,
674 1870 821 1920 Catulliana
832 1869 995 1933 perierimum
1005 1867 1089 1918 virere
1097 1867 1205 1932 jubebo,
1288 1847 1297 1867 ’

110 1941 176 1990 Meo
195 1942 294 2004 dalbia,
314 1944 360 1992 mei
375 1945 474 2007 lepores,
489 1946 551 1994 Jaie
566 1948 597 1994 od
612 1951 638 1996 te
674 1945 719 2009 qui
745 1945 773 1996 in
800 1944 911 1995 Poeunlo
938 1948 1025 1994 eaetat
1049 1941 1205 2006 hujusmodi,

110 2016 202 2064 amium
220 2017 387 2067 meridiatum:
410 2020 479 2076 Quod
496 2019 639 2081 rijamerir,
673 2021 794 2084 ‘Valete,
815 2027 893 2084 atque
910 2018 1043 2083 adjuvate,
1053 2025 1083 2066 ut
1094 2031 1139 2066 voa
1150 2031 1205 2066 aar·

110 2090 169 2140 iliad
189 2091 309 2154 wardo,
324 2094 365 2142 Ne
380 2095 432 2156 qaia
445 2094 638 2145 lintinirobmet
674 2101 720 2145 ret
737 2095 830 2145 salue·
861 2091 1029 2157 ‘adjuvare’
1051 2091 1077 2140 id
1095 2097 1145 2154 ert,
1162 2091 1206 2141 ad·

110 2166 227 2216 tobaliam.
674 2170 730 2221 dite
746 2174 862 2234 operam,
878 2167 1023 2218 adnitimini
1039 2167 1148 2230 pariter,
1166 2173 1205 2216 at·

143 2242 340 2307 orremqaidem
352 2244 434 2293 iocum
446 2245 639 2296 amicuenoeter
674 2261 724 2311 qne
733 2246 762 2296 iu
780 2259 837 2295 earo
858 2257 947 2294 curam
968 2242 1205 2306 cogitationemque

110 2317 262 2368 mendorum
272 2317 336 2368 falso
346 2319 423 2369 dictis
432 2321 568 2371 concinnat
576 2323 639 2387 ruia,
675 2319 832 2371 incumbite:
854 2334 906 2386 qno
933 2319 1001 2380 loeo,
1024 2317 1046 2366 ri
1072 2316 1204 2366 Fidentiui

105 2393 210 2445 meudir
232 2394 288 2456 ipre
310 2408 341 2443 ac
367 2396 508 2446 mendaciis
532 2412 639 2463 couper·
675 2399 767 2464 nostri,
793 2398 910 2460 odjabele,
937 2396 1060 2459 legatum
1086 2394 1207 2456 immane,

109 2474 161 2520 tue.
179 2469 231 2518 Sed
239 2469 328 2532 ipsine,
337 2471 439 2533 amabo,
449 2472 535 2536 verba,
545 2473 639 2537 ipram·
674 2481 800 2542 qnantum
811 2474 844 2524 de
855 2469 1157 2532 venustate.reuteutioe,
1177 2474 1205 2519 et

108 2544 352 2608 queemeudatiouir
359 2547 484 2598 rationem
491 2550 638 2602 audiamur:
675 2545 1105 2614 gratiadeceemromeatl’ianto.
1138 2544 1205 2596 Quia

109 2615 278 2683 ‘Adjubarc,'
298 2619 393 2684 iuquit,
413 2623 462 2672 ‘ad
483 2624 638 2689 Ipeitirillarn
676 2623 927 2692 enim‘jubere,'rel
943 2619 1099 2686 ‘adjubere'
1117 2619 1207 2685 poerit,

110 2690 178 2743 dixit
200 2694 325 2759 Catulino,
344 2702 373 2745 ut
393 2698 538 2763 Lucretiae,
552 2701 640 2752 adcre-
675 2709 705 2751 nt
716 2717 744 2752 ee
758 2707 845 2751 eerret
864 2699 950 2750 raim?
970 2698 1020 2748 uiri
1038 2694 1207 2746 fortanorel·

110 2766 184 2819 dere.
217 2770 269 2820 Sed
290 2772 362 2822 iocur
382 2773 461 2825 bodie
477 2782 519 2827 eat
537 2778 642 2829 ruendo·
676 2779 729 2828 lum
748 2778 826 2827 ictum
852 2773 1037 2840 Antiquarium
1063 2772 1141 2833 dicae,
1161 2770 1206 2835 qui

40 2904 45 2915 ι
113 2847 175 2898 rue?
677 2845 1207 2916 ejusmodipbraaim,pariteratqoeaiiaa

143 2923 285 2974 Meudoaue
296 2939 358 2975 rana
377 2940 458 2990 neque
473 2926 557 2976 adbuc
571 2926 642 2991 juol-
677 2941 720 2976 ree
738 2926 817 2987 aoiet,
839 2925 961 2989 princepe
983 2921 1058 2971 nobie
1079 2918 1206 2969 fabricare

112 2997 154 3048 cio
171 2999 240 3048 illiue
251 3012 326 3064 quern
340 2999 436 3050 dialrae
448 3013 490 3050 me
502 3002 602 3052 eeutlor
615 3008 643 3051 at
678 3009 719 3052 eet
729 3014 814 3052 eaeor.

111 3088 180 3123 nuuc
201 3074 318 3137 ejusdem
341 3074 418 3123 rolina
443 3073 569 3125 beneficio
591 3075 643 3139 pri·
711 3075 785 3125 Idem
805 3073 838 3122 de
863 3074 946 3122 altera
970 3083 1073 3134 quoqne
1098 3067 1208 3118 bominia

111 3161 181 3197 auum
196 3148 288 3197 mendo
299 3149 434 3210 liberatus,
446 3149 643 3216 restitutosque,
679 3151 795 3217 eJuedem
803 3147 1003 3211 interpolatione
1011 3145 1108 3195 dictum
1116 3144 1208 3206 velim

112 3222 134 3270 ei
144 3221 191 3270 Dio
201 3223 297 3284 placet,
309 3222 446 3287 aliquando
457 3224 484 3273 iu
496 3226 642 3288 pristinum.
678 3242 738 3277 nam
760 3239 811 3289 quo
837 3224 895 3273 loco
920 3221 1026 3286 erripuit
1046 3221 1208 3272 doctieeimua

116 3295 181 3347 Nam
193 3296 643 3368 abequeilloearet,udirbctuiatno‚
678 3303 773 3365 Poiita,
799 3300 848 3352 ded
866 3299 952 3350 mulier
967 3298 1051 3362 rapido
1071 3299 1132 3363 qaod
1148 3297 1208 3347 dicit

112 3379 202 3423 uatum
223 3387 273 3422 nou
294 3372 364 3422 foret
386 3384 529 3427 monstrum
550 3378 641 3431 verbi:
678 3379 779 3442 amnti,
798 3378 829 3428 ia
850 3381 929 3441 unio,
948 3380 973 3425 rt
1001 3374 1086 3440 rupida
1106 3373 1209 3425 scribere

112 3447 181 3514 quod
192 3462 233 3497 me
244 3450 348 3499 hercule
359 3464 408 3514 ego
419 3465 543 3516 nusquam
557 3468 642 3520 neque
678 3460 771 3520 oportet
780 3469 856 3519 epac.-
872 3453 894 3502 ia
911 3452 960 3515 vir,
977 3451 1044 3500 band
1057 3451 1134 3516 paulo
1145 3465 1208 3500 arua
1263 3449 1266 3454 “

111 3523 212 3586 ficium,
233 3538 318 3589 ”tque
339 3525 448 3587 pictum,
464 3541 548 3592 neque
561 3531 643 3595 acrlp·
680 3531 790 3592 donner,
808 3530 841 3579 ad
852 3529 991 3579 lectionem
1003 3526 1051 3576 boc
1061 3527 1137 3576 modo
1148 3539 1209 3576 rou·

112 3606 168 3649 tum
199 3598 294 3649 ridieee
321 3599 347 3649 iu
375 3601 508 3653 Poimatie
529 3605 643 3669 memini,
679 3605 837 3657 atituendam
847 3602 979 3654 doctioree
988 3601 1104 3650 excitare
1116 3615 1144 3650 ee
1156 3601 1210 3664 glo·

112 3688 171 3738 quae
183 3675 286 3739 quidem
297 3675 329 3725 ab
346 3676 395 3727 boo
411 3677 548 3729 verborum
564 3694 644 3732 nura·
679 3682 772 3743 riatur,
783 3680 815 3728 la
825 3679 888 3739 nino,
899 3682 923 3726 et
933 3677 1018 3741 rapido
1028 3675 1130 3726 erribrrr
1140 3689 1210 3737 opor·

111 3757 171 3798 tore
191 3748 365 3799 architectata
391 3766 443 3801 nou
463 3755 524 3818 rint,
540 3756 643 3808 ‘Quem
680 3763 716 3808 tet
729 3771 799 3821 aqua
832 3752 909 3808 Quod
921 3751 1024 3817 quidem
1035 3764 1084 3812 ego
1093 3749 1209 3798 nouriao

113 3838 194 3888 penca
205 3825 337 3875 arbitrium
349 3833 400 3888 eet,
409 3835 438 3876 el
456 3829 503 3891 rie,
514 3836 542 3880 et
554 3844 643 3882 norma
680 3833 776 3898 (neque
788 3827 856 3880 enim
868 3833 909 3878 eet
925 3824 1003 3890 tanti)
1021 3824 1067 3873 aed
1085 3827 1163 3885 mato,
1181 3829 1210 3872 et

112 3899 252 3965 loquendi?
285 3902 337 3952 Qui
359 3903 427 3950 euim
445 3904 533 3967 aliter,
544 3921 644 3971 quaro,
680 3908 747 3971 anaia
762 3897 1208 3957 unacumauctoraeuulmcribeu·

114 3975 262 4024 existimare
280 3975 385 4039 poesim,
401 3979 525 4041 quamdiu
541 3995 643 4034 mecum
681 3972 742 4033 duiu
765 3978 923 4047 pronuncio:
946 3972 1107 4037 monitorque
1130 3971 1210 4035 eripio

113 4050 228 4099 ruminor
256 4059 401 4115 reputoque
428 4059 559 4106 atrenuem
586 4059 643 4123 eJ'ua
681 4072 783 4108 mecum
804 4051 902 4104 ‘Mutia
930 4047 1024 4104 amieo·
1049 4045 1153 4108 mmm}
1179 4052 1210 4096 ut

112 4126 220 4177 ltuminia
243 4124 271 4175 in
292 4127 451 4179 Lucratiauo
473 4130 564 4189 indice
585 4139 645 4186 cori·
682 4128 840 4197 eiuacamodi
861 4120 1065 4182 emendationes,
1085 4126 1210 4185 quantum
