<?xml version="1.0" encoding="UTF-8"?>
<!DOCTYPE html PUBLIC "-//W3C//DTD XHTML 1.0 Transitional//EN"
    "http://www.w3.org/TR/xhtml1/DTD/xhtml1-transitional.dtd">
<html xmlns="http://www.w3.org/1999/xhtml" xml:lang="en" lang="en">
 <head>
  <title>
</title>
<meta http-equiv="Content-Type" content="text/html;charset=utf-8" />
  <meta name='ocr-system' content='tesseract 3.04.00' />
  <meta name='ocr-capabilities' content='ocr_page ocr_carea ocr_par ocr_line ocrx_word'/>
</head>
<body>
  <div class='ocr_page' id='page_1' title='image "./cvaleriicatulli02catugoog_0051.png"; bbox 0 0 2752 4694; ppageno 0'>
   <div class='ocr_carea' id='block_1_1' title="bbox 176 315 1029 401">
    <p class='ocr_par' dir='ltr' id='par_1_1' title="bbox 176 315 1029 401">
     <span class='ocr_line' id='line_1_1' title="bbox 176 315 1029 401; baseline -0.014 -19"><span class='ocrx_word' id='word_1_1' title='bbox 176 315 241 382; x_wconf 77' lang='lat' dir='ltr'><strong>tao</strong></span> <span class='ocrx_word' id='word_1_2' title='bbox 428 328 468 375; x_wconf 88' lang='lat' dir='ltr'><strong>u.</strong></span> <span class='ocrx_word' id='word_1_3' title='bbox 493 325 527 373; x_wconf 86' lang='grc' dir='ltr'><strong>ιι.</strong></span> <span class='ocrx_word' id='word_1_4' title='bbox 551 324 698 374; x_wconf 83' lang='grc' dir='ltr'>ιιιιιιιιιι</span> <span class='ocrx_word' id='word_1_5' title='bbox 724 320 1029 401; x_wconf 77' lang='lat' dir='ltr'><strong>oouunuraurns</strong></span> 
     </span>
    </p>
   </div>
   <div class='ocr_carea' id='block_1_2' title="bbox 177 460 1281 762">
    <p class='ocr_par' dir='ltr' id='par_1_2' title="bbox 177 460 1281 608">
     <span class='ocr_line' id='line_1_2' title="bbox 177 460 1281 534; baseline -0.009 -10"><span class='ocrx_word' id='word_1_6' title='bbox 177 476 276 534; x_wconf 81' lang='lat' dir='ltr'><strong>serunt,</strong></span> <span class='ocrx_word' id='word_1_7' title='bbox 298 469 414 520; x_wconf 85' lang='lat' dir='ltr'><strong>versibus</strong></span> <span class='ocrx_word' id='word_1_8' title='bbox 440 468 552 518; x_wconf 82' lang='lat' dir='ltr'><strong>maxima</strong></span> <span class='ocrx_word' id='word_1_9' title='bbox 572 480 606 517; x_wconf 83' lang='lat' dir='ltr'><strong>ex</strong></span> <span class='ocrx_word' id='word_1_10' title='bbox 633 473 710 530; x_wconf 90' lang='lat' dir='ltr'><strong>parte</strong></span> <span class='ocrx_word' id='word_1_11' title='bbox 749 478 796 528; x_wconf 82' lang='lat' dir='ltr'><strong>per</strong></span> <span class='ocrx_word' id='word_1_12' title='bbox 811 477 843 513; x_wconf 85' lang='lat' dir='ltr'><strong>ea</strong></span> <span class='ocrx_word' id='word_1_13' title='bbox 859 465 958 528; x_wconf 82' lang='lat' dir='ltr'><strong>jurave,</strong></span> <span class='ocrx_word' id='word_1_14' title='bbox 973 477 1031 528; x_wconf 74' lang='lat' dir='ltr'><strong>quse</strong></span> <span class='ocrx_word' id='word_1_15' title='bbox 1050 462 1181 513; x_wconf 82' lang='lat' dir='ltr'><strong>curisalma</strong></span> <span class='ocrx_word' id='word_1_16' title='bbox 1200 460 1281 514; x_wconf 83' lang='lat' dir='ltr'><strong>nane·</strong></span> 
     </span>
     <span class='ocr_line' id='line_1_3' title="bbox 177 543 817 608; baseline -0.014 -9"><span class='ocrx_word' id='word_1_17' title='bbox 177 547 296 599; x_wconf 73' lang='lat' dir='ltr'><strong>Catullus</strong></span> <span class='ocrx_word' id='word_1_18' title='bbox 313 545 450 608; x_wconf 70' lang='lat' dir='ltr'><strong>expressit.</strong></span> <span class='ocrx_word' id='word_1_19' title='bbox 477 543 641 596; x_wconf 81' lang='lat' dir='ltr'><strong>Qulaautem</strong></span> <span class='ocrx_word' id='word_1_20' title='bbox 661 547 711 604; x_wconf 85' lang='lat' dir='ltr'><strong>est,</strong></span> <span class='ocrx_word' id='word_1_21' title='bbox 749 548 817 591; x_wconf 83' lang='lat' dir='ltr'><strong>rent.</strong></span> 
     </span>
    </p>

    <p class='ocr_par' dir='ltr' id='par_1_3' title="bbox 178 614 1281 762">
     <span class='ocr_line' id='line_1_4' title="bbox 178 614 1281 684; baseline -0.01 -10"><span class='ocrx_word' id='word_1_22' title='bbox 178 624 308 674; x_wconf 78' lang='lat' dir='ltr'><strong>duntaxat</strong></span> <span class='ocrx_word' id='word_1_23' title='bbox 323 620 473 684; x_wconf 84' lang='lat' dir='ltr'><strong>eomm,qui</strong></span> <span class='ocrx_word' id='word_1_24' title='bbox 492 618 604 682; x_wconf 77' lang='lat' dir='ltr'><strong>aliquem</strong></span> <span class='ocrx_word' id='word_1_25' title='bbox 622 617 711 667; x_wconf 80' lang='lat' dir='ltr'><strong>litera·</strong></span> <span class='ocrx_word' id='word_1_26' title='bbox 782 615 893 679; x_wconf 64' lang='lat' dir='ltr'><strong>Pderot]</strong></span> <span class='ocrx_word' id='word_1_27' title='bbox 928 615 982 665; x_wconf 84' lang='lat' dir='ltr'><strong>Per</strong></span> <span class='ocrx_word' id='word_1_28' title='bbox 1007 615 1166 665; x_wconf 83' lang='lat' dir='ltr'><strong>consulatum</strong></span> <span class='ocrx_word' id='word_1_29' title='bbox 1187 614 1281 677; x_wconf 73' lang='lat' dir='ltr'><strong>jurene</strong></span> 
     </span>
     <span class='ocr_line' id='line_1_5' title="bbox 179 691 1281 762; baseline -0.008 -13"><span class='ocrx_word' id='word_1_30' title='bbox 179 714 236 748; x_wconf 85' lang='lat' dir='ltr'><strong>rum</strong></span> <span class='ocrx_word' id='word_1_31' title='bbox 259 705 337 762; x_wconf 90' lang='lat' dir='ltr'><strong>atque</strong></span> <span class='ocrx_word' id='word_1_32' title='bbox 359 695 526 745; x_wconf 83' lang='lat' dir='ltr'><strong>humanitatis</strong></span> <span class='ocrx_word' id='word_1_33' title='bbox 546 707 647 743; x_wconf 87' lang='lat' dir='ltr'><strong>sensum</strong></span> <span class='ocrx_word' id='word_1_34' title='bbox 666 693 711 741; x_wconf 87' lang='lat' dir='ltr'><strong>ha·</strong></span> <span class='ocrx_word' id='word_1_35' title='bbox 747 692 917 743; x_wconf 86' lang='lat' dir='ltr'><strong>intolerabilis</strong></span> <span class='ocrx_word' id='word_1_36' title='bbox 933 691 1087 755; x_wconf 69' lang='lat' dir='ltr'><strong>arrogantiae</strong></span> <span class='ocrx_word' id='word_1_37' title='bbox 1105 698 1193 741; x_wconf 85' lang='lat' dir='ltr'><strong>esset:</strong></span> <span class='ocrx_word' id='word_1_38' title='bbox 1210 696 1239 739; x_wconf 89' lang='lat' dir='ltr'><strong>at</strong></span> <span class='ocrx_word' id='word_1_39' title='bbox 1254 692 1281 740; x_wconf 87' lang='lat' dir='ltr'><strong>in</strong></span> 
     </span>
    </p>
   </div>
   <div class='ocr_carea' id='block_1_3' title="bbox 80 765 1283 838">
    <p class='ocr_par' dir='ltr' id='par_1_4' title="bbox 80 765 1283 838">
     <span class='ocr_line' id='line_1_6' title="bbox 80 765 1283 838; baseline -0.008 -13"><span class='ocrx_word' id='word_1_40' title='bbox 80 772 86 780; x_wconf 84' lang='lat'>&#39;</span> <span class='ocrx_word' id='word_1_41' title='bbox 179 775 253 838; x_wconf 79' lang='lat' dir='ltr'><strong>bant,</strong></span> <span class='ocrx_word' id='word_1_42' title='bbox 268 773 312 838; x_wconf 89' lang='lat' dir='ltr'><strong>qui</strong></span> <span class='ocrx_word' id='word_1_43' title='bbox 333 787 384 821; x_wconf 91' lang='lat' dir='ltr'><strong>nou</strong></span> <span class='ocrx_word' id='word_1_44' title='bbox 404 784 529 821; x_wconf 82' lang='lat' dir='ltr'><strong>summum</strong></span> <span class='ocrx_word' id='word_1_45' title='bbox 550 769 711 832; x_wconf 86' lang='lat' dir='ltr'><strong>voluptatem</strong></span> <span class='ocrx_word' id='word_1_46' title='bbox 749 769 892 835; x_wconf 74' lang='lat' dir='ltr'>pejerando</span> <span class='ocrx_word' id='word_1_47' title='bbox 907 768 987 819; x_wconf 89' lang='lat' dir='ltr'><strong>etiam</strong></span> <span class='ocrx_word' id='word_1_48' title='bbox 1003 767 1072 817; x_wconf 90' lang='lat' dir='ltr'><strong>alind</strong></span> <span class='ocrx_word' id='word_1_49' title='bbox 1088 765 1217 830; x_wconf 81' lang='lat' dir='ltr'><strong>flagitium</strong></span> <span class='ocrx_word' id='word_1_50' title='bbox 1233 770 1283 816; x_wconf 90' lang='lat' dir='ltr'><strong>est.</strong></span> 
     </span>
    </p>
   </div>
   <div class='ocr_carea' id='block_1_4' title="bbox 107 842 1287 1969">
    <p class='ocr_par' dir='ltr' id='par_1_5' title="bbox 107 842 1287 1969">
     <span class='ocr_line' id='line_1_7' title="bbox 180 842 1284 912; baseline -0.007 -13"><span class='ocrx_word' id='word_1_51' title='bbox 180 849 277 912; x_wconf 70' lang='lat' dir='ltr'><strong>eaput,</strong></span> <span class='ocrx_word' id='word_1_52' title='bbox 289 846 403 907; x_wconf 80' lang='lat' dir='ltr'><strong>mulieris</strong></span> <span class='ocrx_word' id='word_1_53' title='bbox 419 847 446 894; x_wconf 88' lang='lat' dir='ltr'><strong>in</strong></span> <span class='ocrx_word' id='word_1_54' title='bbox 458 845 508 894; x_wconf 86' lang='lat' dir='ltr'><strong>lsoc</strong></span> <span class='ocrx_word' id='word_1_55' title='bbox 527 842 711 908; x_wconf 74' lang='lat' dir='ltr'><strong>generetouge</strong></span> <span class='ocrx_word' id='word_1_56' title='bbox 750 845 811 895; x_wconf 84' lang='lat' dir='ltr'><strong>Fuit</strong></span> <span class='ocrx_word' id='word_1_57' title='bbox 830 851 917 894; x_wconf 90' lang='lat' dir='ltr'><strong>autem</strong></span> <span class='ocrx_word' id='word_1_58' title='bbox 937 845 969 893; x_wconf 93' lang='lat' dir='ltr'><strong>P.</strong></span> <span class='ocrx_word' id='word_1_59' title='bbox 980 843 1100 892; x_wconf 85' lang='lat' dir='ltr'><strong>Vatinius</strong></span> <span class='ocrx_word' id='word_1_60' title='bbox 1119 843 1215 893; x_wconf 87' lang='lat' dir='ltr'><strong>Consul</strong></span> <span class='ocrx_word' id='word_1_61' title='bbox 1231 854 1284 892; x_wconf 90' lang='lat' dir='ltr'><strong>uua</strong></span> 
     </span>
     <span class='ocr_line' id='line_1_8' title="bbox 181 917 1284 989; baseline -0.006 -16"><span class='ocrx_word' id='word_1_62' title='bbox 181 922 369 989; x_wconf 78' lang='lat' dir='ltr'><strong>posthumium</strong></span> <span class='ocrx_word' id='word_1_63' title='bbox 385 929 461 971; x_wconf 82' lang='lat' dir='ltr'><strong>natos</strong></span> <span class='ocrx_word' id='word_1_64' title='bbox 481 917 711 984; x_wconf 71' lang='lat' dir='ltr'><strong>praestantissime,</strong></span> <span class='ocrx_word' id='word_1_65' title='bbox 750 934 809 970; x_wconf 91' lang='lat' dir='ltr'><strong>cum</strong></span> <span class='ocrx_word' id='word_1_66' title='bbox 829 920 862 972; x_wconf 83' lang='lat' dir='ltr'><strong>Q.</strong></span> <span class='ocrx_word' id='word_1_67' title='bbox 877 919 956 970; x_wconf 84' lang='lat' dir='ltr'><strong>Fusio</strong></span> <span class='ocrx_word' id='word_1_68' title='bbox 967 919 1080 969; x_wconf 84' lang='lat' dir='ltr'><strong>Caleno:</strong></span> <span class='ocrx_word' id='word_1_69' title='bbox 1098 917 1227 982; x_wconf 76' lang='lat' dir='ltr'><strong>valdeque</strong></span> <span class='ocrx_word' id='word_1_70' title='bbox 1243 931 1284 967; x_wconf 87' lang='lat' dir='ltr'><strong>er·</strong></span> 
     </span>
     <span class='ocr_line' id='line_1_9' title="bbox 179 990 1286 1058; baseline -0.005 -9"><span class='ocrx_word' id='word_1_71' title='bbox 179 1006 207 1049; x_wconf 90' lang='lat' dir='ltr'><strong>et</strong></span> <span class='ocrx_word' id='word_1_72' title='bbox 217 999 308 1049; x_wconf 76' lang='lat' dir='ltr'><strong>Poetae</strong></span> <span class='ocrx_word' id='word_1_73' title='bbox 322 990 473 1049; x_wconf 71' lang='lat' dir='ltr'><strong>Latinorum</strong></span> <span class='ocrx_word' id='word_1_74' title='bbox 491 995 603 1045; x_wconf 88' lang='lat' dir='ltr'><strong>omnium</strong></span> <span class='ocrx_word' id='word_1_75' title='bbox 620 994 714 1044; x_wconf 77' lang='lat' dir='ltr'><strong>mollis·</strong></span> <span class='ocrx_word' id='word_1_76' title='bbox 751 1003 810 1047; x_wconf 81' lang='lat' dir='ltr'><strong>rent</strong></span> <span class='ocrx_word' id='word_1_77' title='bbox 818 997 868 1047; x_wconf 88' lang='lat' dir='ltr'><strong>hoc</strong></span> <span class='ocrx_word' id='word_1_78' title='bbox 878 998 937 1046; x_wconf 88' lang='lat' dir='ltr'><strong>loco</strong></span> <span class='ocrx_word' id='word_1_79' title='bbox 948 1011 1036 1046; x_wconf 89' lang='lat' dir='ltr'><strong>omnes</strong></span> <span class='ocrx_word' id='word_1_80' title='bbox 1044 995 1218 1058; x_wconf 81' lang='lat' dir='ltr'><strong>interpretes,</strong></span> <span class='ocrx_word' id='word_1_81' title='bbox 1229 994 1286 1058; x_wconf 88' lang='lat' dir='ltr'><strong>qui,</strong></span> 
     </span>
     <span class='ocr_line' id='line_1_10' title="bbox 180 1069 1285 1138; baseline -0.005 -15"><span class='ocrx_word' id='word_1_82' title='bbox 180 1074 236 1124; x_wconf 86' lang='lat' dir='ltr'><strong>siml</strong></span> <span class='ocrx_word' id='word_1_83' title='bbox 248 1073 364 1122; x_wconf 84' lang='lat' dir='ltr'><strong>versibus</strong></span> <span class='ocrx_word' id='word_1_84' title='bbox 383 1072 494 1120; x_wconf 85' lang='lat' dir='ltr'><strong>invicem</strong></span> <span class='ocrx_word' id='word_1_85' title='bbox 512 1069 713 1133; x_wconf 78' lang='lat' dir='ltr'><strong>comparandis?</strong></span> <span class='ocrx_word' id='word_1_86' title='bbox 750 1087 809 1138; x_wconf 81' lang='lat' dir='ltr'><strong>quse</strong></span> <span class='ocrx_word' id='word_1_87' title='bbox 820 1074 854 1122; x_wconf 94' lang='lat' dir='ltr'><strong>de</strong></span> <span class='ocrx_word' id='word_1_88' title='bbox 865 1071 966 1122; x_wconf 88' lang='lat' dir='ltr'><strong>Caninii</strong></span> <span class='ocrx_word' id='word_1_89' title='bbox 985 1072 1120 1122; x_wconf 76' lang='lat' dir='ltr'><strong>consulatu</strong></span> <span class='ocrx_word' id='word_1_90' title='bbox 1130 1070 1202 1121; x_wconf 87' lang='lat' dir='ltr'><strong>dicta</strong></span> <span class='ocrx_word' id='word_1_91' title='bbox 1212 1077 1285 1134; x_wconf 88' lang='lat' dir='ltr'><strong>sunt,</strong></span> 
     </span>
     <span class='ocr_line' id='line_1_11' title="bbox 181 1145 1285 1210; baseline 0 -15"><span class='ocrx_word' id='word_1_92' title='bbox 181 1146 714 1210; x_wconf 73' lang='lat' dir='ltr'><strong>aamautemodeu,cumlooisaliquotde·</strong></span> <span class='ocrx_word' id='word_1_93' title='bbox 751 1165 783 1200; x_wconf 88' lang='lat' dir='ltr'><strong>ea</strong></span> <span class='ocrx_word' id='word_1_94' title='bbox 794 1150 826 1200; x_wconf 89' lang='lat' dir='ltr'><strong>ad</strong></span> <span class='ocrx_word' id='word_1_95' title='bbox 834 1149 968 1200; x_wconf 84' lang='lat' dir='ltr'><strong>Vatinium</strong></span> <span class='ocrx_word' id='word_1_96' title='bbox 979 1147 1112 1199; x_wconf 84' lang='lat' dir='ltr'><strong>referunt:</strong></span> <span class='ocrx_word' id='word_1_97' title='bbox 1131 1147 1176 1198; x_wconf 88' lang='lat' dir='ltr'><strong>sed</strong></span> <span class='ocrx_word' id='word_1_98' title='bbox 1188 1145 1285 1197; x_wconf 88' lang='lat' dir='ltr'><strong>erroris</strong></span> 
     </span>
     <span class='ocr_line' id='line_1_12' title="bbox 107 1221 1286 1291; baseline -0.003 -17"><span class='ocrx_word' id='word_1_99' title='bbox 107 1246 110 1250; x_wconf 35' lang='lat'>⁸</span> <span class='ocrx_word' id='word_1_100' title='bbox 181 1221 713 1290; x_wconf 85' lang='lat' dir='ltr'><strong>pravataesset,versuaquelpslpermisti</strong></span> <span class='ocrx_word' id='word_1_101' title='bbox 751 1226 791 1276; x_wconf 88' lang='lat' dir='ltr'><strong>sul</strong></span> <span class='ocrx_word' id='word_1_102' title='bbox 813 1227 905 1276; x_wconf 90' lang='lat' dir='ltr'><strong>ducem</strong></span> <span class='ocrx_word' id='word_1_103' title='bbox 927 1232 1006 1291; x_wconf 88' lang='lat' dir='ltr'><strong>atque</strong></span> <span class='ocrx_word' id='word_1_104' title='bbox 1033 1230 1165 1275; x_wconf 87' lang='lat' dir='ltr'><strong>auctorem</strong></span> <span class='ocrx_word' id='word_1_105' title='bbox 1186 1223 1286 1272; x_wconf 84' lang='lat' dir='ltr'><strong>habent</strong></span> 
     </span>
     <span class='ocr_line' id='line_1_13' title="bbox 183 1298 1285 1366; baseline -0.004 -14"><span class='ocrx_word' id='word_1_106' title='bbox 183 1301 334 1366; x_wconf 82' lang='lat' dir='ltr'><strong>confusique</strong></span> <span class='ocrx_word' id='word_1_107' title='bbox 345 1301 457 1351; x_wconf 89' lang='lat' dir='ltr'><strong>invicem</strong></span> <span class='ocrx_word' id='word_1_108' title='bbox 466 1300 624 1364; x_wconf 84' lang='lat' dir='ltr'><strong>essent,jam</strong></span> <span class='ocrx_word' id='word_1_109' title='bbox 643 1305 715 1362; x_wconf 87' lang='lat' dir='ltr'><strong>ante,</strong></span> <span class='ocrx_word' id='word_1_110' title='bbox 752 1301 923 1364; x_wconf 83' lang='lat' dir='ltr'><strong>Macrobium,</strong></span> <span class='ocrx_word' id='word_1_111' title='bbox 933 1301 1023 1366; x_wconf 68' lang='lat' dir='ltr'><strong>quiin</strong></span> <span class='ocrx_word' id='word_1_112' title='bbox 1039 1298 1224 1364; x_wconf 84' lang='lat' dir='ltr'><strong>percensendla</strong></span> <span class='ocrx_word' id='word_1_113' title='bbox 1241 1298 1285 1348; x_wconf 85' lang='lat' dir='ltr'><strong>Ci-</strong></span> 
     </span>
     <span class='ocr_line' id='line_1_14' title="bbox 182 1373 1285 1441; baseline -0.002 -16"><span class='ocrx_word' id='word_1_114' title='bbox 182 1390 257 1441; x_wconf 90' lang='lat' dir='ltr'><strong>quam</strong></span> <span class='ocrx_word' id='word_1_115' title='bbox 274 1375 383 1424; x_wconf 82' lang='lat' dir='ltr'><strong>liberio</strong></span> <span class='ocrx_word' id='word_1_116' title='bbox 402 1390 474 1424; x_wconf 85' lang='lat' dir='ltr'><strong>meas</strong></span> <span class='ocrx_word' id='word_1_117' title='bbox 492 1389 582 1424; x_wconf 88' lang='lat' dir='ltr'><strong>manus</strong></span> <span class='ocrx_word' id='word_1_118' title='bbox 603 1374 714 1437; x_wconf 82' lang='lat' dir='ltr'><strong>venirat,</strong></span> <span class='ocrx_word' id='word_1_119' title='bbox 752 1378 854 1427; x_wconf 81' lang='lat' dir='ltr'><strong>neronis</strong></span> <span class='ocrx_word' id='word_1_120' title='bbox 868 1376 948 1440; x_wconf 86' lang='lat' dir='ltr'><strong>jocis,</strong></span> <span class='ocrx_word' id='word_1_121' title='bbox 966 1375 1099 1426; x_wconf 84' lang='lat' dir='ltr'><strong>Vatinium</strong></span> <span class='ocrx_word' id='word_1_122' title='bbox 1119 1373 1215 1438; x_wconf 82' lang='lat' dir='ltr'><strong>ubique</strong></span> <span class='ocrx_word' id='word_1_123' title='bbox 1235 1386 1285 1436; x_wconf 84' lang='lat' dir='ltr'><strong>pro</strong></span> 
     </span>
     <span class='ocr_line' id='line_1_15' title="bbox 183 1448 1285 1514; baseline -0.005 -13"><span class='ocrx_word' id='word_1_124' title='bbox 183 1451 378 1512; x_wconf 73' lang='lat' dir='ltr'><strong>emendaverat,</strong></span> <span class='ocrx_word' id='word_1_125' title='bbox 410 1450 615 1514; x_wconf 80' lang='lat' dir='ltr'><strong>distinxeratque</strong></span> <span class='ocrx_word' id='word_1_126' title='bbox 639 1450 714 1499; x_wconf 87' lang='lat' dir='ltr'><strong>homo</strong></span> <span class='ocrx_word' id='word_1_127' title='bbox 752 1452 862 1503; x_wconf 84' lang='lat' dir='ltr'><strong>Caninio</strong></span> <span class='ocrx_word' id='word_1_128' title='bbox 879 1451 1009 1502; x_wconf 83' lang='lat' dir='ltr'><strong>nominat:</strong></span> <span class='ocrx_word' id='word_1_129' title='bbox 1027 1451 1049 1500; x_wconf 89' lang='lat' dir='ltr'><strong>si</strong></span> <span class='ocrx_word' id='word_1_130' title='bbox 1062 1456 1148 1501; x_wconf 86' lang='lat' dir='ltr'><strong>tamen</strong></span> <span class='ocrx_word' id='word_1_131' title='bbox 1164 1448 1285 1514; x_wconf 82' lang='lat' dir='ltr'><strong>impressi</strong></span> 
     </span>
     <span class='ocr_line' id='line_1_16' title="bbox 183 1526 1031 1583; baseline -0.001 -7"><span class='ocrx_word' id='word_1_132' title='bbox 183 1533 212 1577; x_wconf 92' lang='lat' dir='ltr'><strong>et</strong></span> <span class='ocrx_word' id='word_1_133' title='bbox 223 1526 373 1583; x_wconf 83' lang='lat' dir='ltr'><strong>Latinarum</strong></span> <span class='ocrx_word' id='word_1_134' title='bbox 383 1532 411 1575; x_wconf 91' lang='lat' dir='ltr'><strong>et</strong></span> <span class='ocrx_word' id='word_1_135' title='bbox 422 1526 574 1576; x_wconf 70' lang='lat' dir='ltr'><strong>uenenum</strong></span> <span class='ocrx_word' id='word_1_136' title='bbox 581 1526 714 1576; x_wconf 83' lang='lat' dir='ltr'><strong>literamm</strong></span> <span class='ocrx_word' id='word_1_137' title='bbox 752 1528 812 1579; x_wconf 85' lang='lat' dir='ltr'><strong>iibri</strong></span> <span class='ocrx_word' id='word_1_138' title='bbox 824 1533 918 1579; x_wconf 87' lang='lat' dir='ltr'><strong>vacent</strong></span> <span class='ocrx_word' id='word_1_139' title='bbox 928 1529 1031 1579; x_wconf 88' lang='lat' dir='ltr'><strong>mendo.</strong></span> 
     </span>
     <span class='ocr_line' id='line_1_17' title="bbox 182 1600 715 1667; baseline -0.004 -15"><span class='ocrx_word' id='word_1_140' title='bbox 182 1602 329 1667; x_wconf 73' lang='lat' dir='ltr'><strong>cognitione</strong></span> <span class='ocrx_word' id='word_1_141' title='bbox 340 1603 480 1666; x_wconf 80' lang='lat' dir='ltr'><strong>exceliens,</strong></span> <span class='ocrx_word' id='word_1_142' title='bbox 488 1602 642 1651; x_wconf 80' lang='lat' dir='ltr'><strong>Franciseus</strong></span> <span class='ocrx_word' id='word_1_143' title='bbox 651 1600 715 1650; x_wconf 85' lang='lat' dir='ltr'><strong>Por·</strong></span> 
     </span>
     <span class='ocr_line' id='line_1_18' title="bbox 184 1655 1146 1744; baseline -0.004 -16"><span class='ocrx_word' id='word_1_144' title='bbox 184 1685 241 1740; x_wconf 87' lang='lat' dir='ltr'><strong>tur;</strong></span> <span class='ocrx_word' id='word_1_145' title='bbox 257 1679 301 1744; x_wconf 88' lang='lat' dir='ltr'><strong>qul</strong></span> <span class='ocrx_word' id='word_1_146' title='bbox 320 1678 389 1728; x_wconf 88' lang='lat' dir='ltr'><strong>idem</strong></span> <span class='ocrx_word' id='word_1_147' title='bbox 407 1692 467 1727; x_wconf 88' lang='lat' dir='ltr'><strong>cnm</strong></span> <span class='ocrx_word' id='word_1_148' title='bbox 489 1677 515 1727; x_wconf 92' lang='lat' dir='ltr'><strong>in</strong></span> <span class='ocrx_word' id='word_1_149' title='bbox 533 1677 589 1727; x_wconf 85' lang='lat' dir='ltr'><strong>eliis</strong></span> <span class='ocrx_word' id='word_1_150' title='bbox 608 1675 714 1741; x_wconf 78' lang='lat' dir='ltr'><strong>optinuit</strong></span> <span class='ocrx_word' id='word_1_151' title='bbox 898 1657 1051 1708; x_wconf 64' lang='lat' dir='ltr'>CARMEN</span> <span class='ocrx_word' id='word_1_152' title='bbox 1068 1655 1146 1707; x_wconf 70' lang='lat' dir='ltr'><strong>Lm·</strong></span> 
     </span>
     <span class='ocr_line' id='line_1_19' title="bbox 160 1751 1287 1819; baseline -0.002 -15"><span class='ocrx_word' id='word_1_153' title='bbox 160 1756 166 1765; x_wconf 97' lang='grc'><strong>’</strong></span> <span class='ocrx_word' id='word_1_154' title='bbox 184 1756 315 1819; x_wconf 83' lang='lat' dir='ltr'><strong>utriusque</strong></span> <span class='ocrx_word' id='word_1_155' title='bbox 326 1755 421 1818; x_wconf 78' lang='lat' dir='ltr'><strong>linguae</strong></span> <span class='ocrx_word' id='word_1_156' title='bbox 433 1753 611 1817; x_wconf 80' lang='lat' dir='ltr'><strong>scriptoribus,</strong></span> <span class='ocrx_word' id='word_1_157' title='bbox 622 1759 677 1802; x_wconf 90' lang='lat' dir='ltr'><strong>tum</strong></span> <span class='ocrx_word' id='word_1_158' title='bbox 688 1751 715 1800; x_wconf 92' lang='lat' dir='ltr'><strong>in</strong></span> <span class='ocrx_word' id='word_1_159' title='bbox 787 1755 844 1804; x_wconf 80' lang='lat' dir='ltr'><strong>Risi</strong></span> <span class='ocrx_word' id='word_1_160' title='bbox 864 1756 941 1805; x_wconf 72' lang='lat' dir='ltr'><strong>sunio</strong></span> <span class='ocrx_word' id='word_1_161' title='bbox 963 1755 1042 1819; x_wconf 71' lang='lat' dir='ltr'><strong>mem]</strong></span> <span class='ocrx_word' id='word_1_162' title='bbox 1072 1755 1166 1804; x_wconf 85' lang='lat' dir='ltr'><strong>Calvus</strong></span> <span class='ocrx_word' id='word_1_163' title='bbox 1183 1751 1287 1816; x_wconf 70' lang='lat' dir='ltr'><strong>exigua</strong></span> 
     </span>
     <span class='ocr_line' id='line_1_20' title="bbox 183 1825 1287 1893; baseline -0.005 -12"><span class='ocrx_word' id='word_1_164' title='bbox 183 1829 302 1893; x_wconf 79' lang='lat' dir='ltr'><strong>AEschylo</strong></span> <span class='ocrx_word' id='word_1_165' title='bbox 322 1830 404 1877; x_wconf 78' lang='lat' dir='ltr'><strong>multa</strong></span> <span class='ocrx_word' id='word_1_166' title='bbox 425 1827 574 1877; x_wconf 71' lang='lat' dir='ltr'><strong>felicissime</strong></span> <span class='ocrx_word' id='word_1_167' title='bbox 595 1825 715 1876; x_wconf 67' lang='lat' dir='ltr'><strong>emendu-</strong></span> <span class='ocrx_word' id='word_1_168' title='bbox 754 1837 862 1882; x_wconf 70' lang='lat' dir='ltr'><strong>statura</strong></span> <span class='ocrx_word' id='word_1_169' title='bbox 873 1829 934 1893; x_wconf 87' lang='lat' dir='ltr'><strong>fuit,</strong></span> <span class='ocrx_word' id='word_1_170' title='bbox 946 1830 991 1880; x_wconf 91' lang='lat' dir='ltr'><strong>sed</strong></span> <span class='ocrx_word' id='word_1_171' title='bbox 1002 1844 1065 1880; x_wconf 85' lang='lat' dir='ltr'><strong>acer</strong></span> <span class='ocrx_word' id='word_1_172' title='bbox 1075 1836 1103 1879; x_wconf 92' lang='lat' dir='ltr'><strong>et</strong></span> <span class='ocrx_word' id='word_1_173' title='bbox 1112 1829 1248 1878; x_wconf 87' lang='lat' dir='ltr'><strong>vehemens</strong></span> <span class='ocrx_word' id='word_1_174' title='bbox 1257 1827 1287 1876; x_wconf 88' lang='lat' dir='ltr'><strong>in</strong></span> 
     </span>
     <span class='ocr_line' id='line_1_21' title="bbox 184 1901 1286 1969; baseline -0.005 -12"><span class='ocrx_word' id='word_1_175' title='bbox 184 1905 230 1968; x_wconf 81' lang='lat' dir='ltr'><strong>vll,</strong></span> <span class='ocrx_word' id='word_1_176' title='bbox 241 1918 299 1969; x_wconf 74' lang='lat' dir='ltr'><strong>quoe</strong></span> <span class='ocrx_word' id='word_1_177' title='bbox 310 1902 394 1953; x_wconf 74' lang='lat' dir='ltr'><strong>adhue</strong></span> <span class='ocrx_word' id='word_1_178' title='bbox 412 1903 438 1953; x_wconf 78' lang='lat' dir='ltr'><strong>in</strong></span> <span class='ocrx_word' id='word_1_179' title='bbox 450 1901 568 1952; x_wconf 67' lang='lat' dir='ltr'><strong>omnibus</strong></span> <span class='ocrx_word' id='word_1_180' title='bbox 585 1902 716 1966; x_wconf 69' lang='lat' dir='ltr'><strong>impleatis</strong></span> <span class='ocrx_word' id='word_1_181' title='bbox 753 1906 881 1957; x_wconf 86' lang='lat' dir='ltr'><strong>dicendo:</strong></span> <span class='ocrx_word' id='word_1_182' title='bbox 898 1907 919 1956; x_wconf 85' lang='lat' dir='ltr'><strong>is</strong></span> <span class='ocrx_word' id='word_1_183' title='bbox 930 1907 956 1955; x_wconf 92' lang='lat' dir='ltr'><strong>iu</strong></span> <span class='ocrx_word' id='word_1_184' title='bbox 974 1903 1151 1957; x_wconf 85' lang='lat' dir='ltr'><strong>controversia</strong></span> <span class='ocrx_word' id='word_1_185' title='bbox 1162 1902 1286 1968; x_wconf 87' lang='lat' dir='ltr'><strong>quadam,</strong></span> 
     </span>
    </p>
   </div>
   <div class='ocr_carea' id='block_1_5' title="bbox 102 1976 1288 2048">
    <p class='ocr_par' dir='ltr' id='par_1_6' title="bbox 102 1976 1288 2048">
     <span class='ocr_line' id='line_1_22' title="bbox 102 1976 1288 2048; baseline -0.004 -15"><span class='ocrx_word' id='word_1_186' title='bbox 102 2040 106 2048; x_wconf 32' lang='grc' dir='ltr'>Ι</span> <span class='ocrx_word' id='word_1_187' title='bbox 183 1979 256 2030; x_wconf 74' lang='lat' dir='ltr'><strong>libris</strong></span> <span class='ocrx_word' id='word_1_188' title='bbox 264 1976 644 2042; x_wconf 69' lang='lat' dir='ltr'><strong>depravattcircumfemnitffl</strong></span> <span class='ocrx_word' id='word_1_189' title='bbox 657 1991 715 2025; x_wconf 75' lang='grc'><strong>111111</strong></span> <span class='ocrx_word' id='word_1_190' title='bbox 753 1982 1190 2047; x_wconf 84' lang='lat' dir='ltr'><strong>neproptercorporiaparvitatem</strong></span> <span class='ocrx_word' id='word_1_191' title='bbox 1201 1980 1288 2029; x_wconf 88' lang='lat' dir='ltr'><strong>minus</strong></span> 
     </span>
    </p>
   </div>
   <div class='ocr_carea' id='block_1_6' title="bbox 184 2041 1290 2874">
    <p class='ocr_par' dir='ltr' id='par_1_7' title="bbox 184 2041 1290 2874">
     <span class='ocr_line' id='line_1_23' title="bbox 184 2041 1288 2121; baseline -0.005 -16"><span class='ocrx_word' id='word_1_192' title='bbox 184 2041 265 2120; x_wconf 56' lang='lat' dir='ltr'><strong>igliur</strong></span> <span class='ocrx_word' id='word_1_193' title='bbox 285 2053 381 2104; x_wconf 76' lang='lat' dir='ltr'><strong>merita</strong></span> <span class='ocrx_word' id='word_1_194' title='bbox 401 2052 479 2103; x_wconf 66' lang='lat' dir='ltr'><strong>laude</strong></span> <span class='ocrx_word' id='word_1_195' title='bbox 499 2050 621 2101; x_wconf 69' lang='lat' dir='ltr'><strong>fraudare</strong></span> <span class='ocrx_word' id='word_1_196' title='bbox 638 2051 716 2102; x_wconf 90' lang='lat' dir='ltr'><strong>nolui.</strong></span> <span class='ocrx_word' id='word_1_197' title='bbox 754 2058 910 2121; x_wconf 69' lang='lat' dir='ltr'><strong>conspicuus</strong></span> <span class='ocrx_word' id='word_1_198' title='bbox 931 2064 1010 2120; x_wconf 70' lang='lat' dir='ltr'><strong>esset,</strong></span> <span class='ocrx_word' id='word_1_199' title='bbox 1031 2057 1129 2120; x_wconf 81' lang='lat' dir='ltr'><strong>imponi</strong></span> <span class='ocrx_word' id='word_1_200' title='bbox 1151 2070 1179 2105; x_wconf 72' lang='lat' dir='ltr'><strong>ue</strong></span> <span class='ocrx_word' id='word_1_201' title='bbox 1205 2070 1288 2119; x_wconf 69' lang='lat' dir='ltr'><strong>supra</strong></span> 
     </span>
     <span class='ocr_line' id='line_1_24' title="bbox 185 2128 1290 2197; baseline -0.003 -16"><span class='ocrx_word' id='word_1_202' title='bbox 185 2130 238 2181; x_wconf 84' lang='lat' dir='ltr'><strong>Sed</strong></span> <span class='ocrx_word' id='word_1_203' title='bbox 252 2129 308 2194; x_wconf 89' lang='lat' dir='ltr'><strong>jam</strong></span> <span class='ocrx_word' id='word_1_204' title='bbox 319 2129 448 2178; x_wconf 78' lang='lat' dir='ltr'><strong>neminem</strong></span> <span class='ocrx_word' id='word_1_205' title='bbox 465 2140 523 2177; x_wconf 89' lang='lat' dir='ltr'><strong>ease</strong></span> <span class='ocrx_word' id='word_1_206' title='bbox 542 2128 662 2190; x_wconf 80' lang='lat' dir='ltr'><strong>arbitror,</strong></span> <span class='ocrx_word' id='word_1_207' title='bbox 673 2129 716 2192; x_wconf 84' lang='lat' dir='ltr'><strong>qui</strong></span> <span class='ocrx_word' id='word_1_208' title='bbox 755 2133 860 2197; x_wconf 88' lang='lat' dir='ltr'><strong>cippum</strong></span> <span class='ocrx_word' id='word_1_209' title='bbox 868 2133 1000 2195; x_wconf 85' lang='lat' dir='ltr'><strong>jusserat:</strong></span> <span class='ocrx_word' id='word_1_210' title='bbox 1017 2139 1047 2182; x_wconf 91' lang='lat' dir='ltr'><strong>ut</strong></span> <span class='ocrx_word' id='word_1_211' title='bbox 1065 2138 1107 2181; x_wconf 86' lang='lat' dir='ltr'><strong>est</strong></span> <span class='ocrx_word' id='word_1_212' title='bbox 1123 2130 1192 2194; x_wconf 90' lang='lat' dir='ltr'><strong>apud</strong></span> <span class='ocrx_word' id='word_1_213' title='bbox 1207 2131 1290 2180; x_wconf 89' lang='lat' dir='ltr'><strong>Sene·</strong></span> 
     </span>
     <span class='ocr_line' id='line_1_25' title="bbox 184 2203 1288 2270; baseline -0.002 -14"><span class='ocrx_word' id='word_1_214' title='bbox 184 2220 236 2256; x_wconf 91' lang='lat' dir='ltr'><strong>uon</strong></span> <span class='ocrx_word' id='word_1_215' title='bbox 254 2204 382 2255; x_wconf 85' lang='lat' dir='ltr'><strong>decimam</strong></span> <span class='ocrx_word' id='word_1_216' title='bbox 404 2203 472 2253; x_wconf 86' lang='lat' dir='ltr'><strong>illam</strong></span> <span class='ocrx_word' id='word_1_217' title='bbox 494 2204 599 2253; x_wconf 79' lang='lat' dir='ltr'><strong>Murem</strong></span> <span class='ocrx_word' id='word_1_218' title='bbox 627 2203 717 2253; x_wconf 87' lang='lat' dir='ltr'><strong>audire</strong></span> <span class='ocrx_word' id='word_1_219' title='bbox 755 2221 821 2257; x_wconf 90' lang='lat' dir='ltr'><strong>cam.</strong></span> <span class='ocrx_word' id='word_1_220' title='bbox 839 2205 885 2257; x_wconf 85' lang='lat' dir='ltr'><strong>Ait</strong></span> <span class='ocrx_word' id='word_1_221' title='bbox 895 2207 975 2270; x_wconf 75' lang='lat' dir='ltr'><strong>igitur</strong></span> <span class='ocrx_word' id='word_1_222' title='bbox 984 2207 1101 2257; x_wconf 87' lang='lat' dir='ltr'><strong>Catullus</strong></span> <span class='ocrx_word' id='word_1_223' title='bbox 1111 2206 1186 2256; x_wconf 89' lang='lat' dir='ltr'><strong>valde</strong></span> <span class='ocrx_word' id='word_1_224' title='bbox 1197 2205 1288 2255; x_wconf 76' lang='grc' dir='ltr'>ιίιίιιο</span> 
     </span>
     <span class='ocr_line' id='line_1_26' title="bbox 185 2278 1287 2348; baseline -0.004 -14"><span class='ocrx_word' id='word_1_225' title='bbox 185 2282 291 2346; x_wconf 74' lang='lat' dir='ltr'><strong>gestiat.</strong></span> <span class='ocrx_word' id='word_1_226' title='bbox 311 2278 420 2330; x_wconf 64' lang='lat' dir='ltr'><strong>*drusi</strong></span> <span class='ocrx_word' id='word_1_227' title='bbox 430 2298 469 2341; x_wconf 77' lang='grc' dir='ltr'><strong>μοι</strong></span> <span class='ocrx_word' id='word_1_228' title='bbox 480 2281 555 2330; x_wconf 71' lang='grc' dir='ltr'><strong>κεῖνοι</strong></span> <span class='ocrx_word' id='word_1_229' title='bbox 569 2279 621 2329; x_wconf 68' lang='grc' dir='ltr'><strong>ἴσοι</strong></span> <span class='ocrx_word' id='word_1_230' title='bbox 630 2281 719 2329; x_wconf 73' lang='grc' dir='ltr'><strong><em>θεοῖσιν</em></strong></span> <span class='ocrx_word' id='word_1_231' title='bbox 755 2298 794 2346; x_wconf 87' lang='lat' dir='ltr'><strong>se,</strong></span> <span class='ocrx_word' id='word_1_232' title='bbox 805 2283 883 2348; x_wconf 89' lang='lat' dir='ltr'><strong>quod,</strong></span> <span class='ocrx_word' id='word_1_233' title='bbox 896 2298 954 2334; x_wconf 89' lang='lat' dir='ltr'><strong>cum</strong></span> <span class='ocrx_word' id='word_1_234' title='bbox 968 2285 1063 2333; x_wconf 88' lang='lat' dir='ltr'><strong>calvus</strong></span> <span class='ocrx_word' id='word_1_235' title='bbox 1074 2283 1140 2332; x_wconf 85' lang='lat' dir='ltr'><strong>mira</strong></span> <span class='ocrx_word' id='word_1_236' title='bbox 1151 2281 1287 2332; x_wconf 83' lang='lat' dir='ltr'><strong>Orationis</strong></span> 
     </span>
     <span class='ocr_line' id='line_1_27' title="bbox 184 2353 1289 2420; baseline -0.002 -13"><span class='ocrx_word' id='word_1_237' title='bbox 184 2357 275 2418; x_wconf 66' lang='lat' dir='ltr'><strong>’super&#39;</strong></span> <span class='ocrx_word' id='word_1_238' title='bbox 287 2356 353 2419; x_wconf 58' lang='grc' dir='ltr'><strong>ἀνὴρ,</strong></span> <span class='ocrx_word' id='word_1_239' title='bbox 370 2356 436 2405; x_wconf 70' lang='grc' dir='ltr'>ὅστις</span> <span class='ocrx_word' id='word_1_240' title='bbox 451 2355 554 2405; x_wconf 73' lang='lat' dir='ltr'><strong>tvmiov</strong></span> <span class='ocrx_word' id='word_1_241' title='bbox 568 2373 606 2404; x_wconf 76' lang='lat' dir='ltr'><strong>rot</strong></span> <span class='ocrx_word' id='word_1_242' title='bbox 622 2353 719 2417; x_wconf 54' lang='lat' dir='ltr'><strong>‘lidum</strong></span> <span class='ocrx_word' id='word_1_243' title='bbox 754 2358 917 2409; x_wconf 87' lang='lat' dir='ltr'><strong>vehementia</strong></span> <span class='ocrx_word' id='word_1_244' title='bbox 927 2359 954 2407; x_wconf 90' lang='lat' dir='ltr'><strong>iu</strong></span> <span class='ocrx_word' id='word_1_245' title='bbox 961 2357 1093 2408; x_wconf 88' lang='lat' dir='ltr'><strong>Vatinium</strong></span> <span class='ocrx_word' id='word_1_246' title='bbox 1103 2357 1221 2419; x_wconf 79' lang='lat' dir='ltr'><strong>dixisset,</strong></span> <span class='ocrx_word' id='word_1_247' title='bbox 1230 2356 1289 2420; x_wconf 86' lang='lat' dir='ltr'><strong>qui-</strong></span> 
     </span>
     <span class='ocr_line' id='line_1_28' title="bbox 186 2427 1288 2497; baseline -0.001 -14"><span class='ocrx_word' id='word_1_248' title='bbox 186 2431 335 2482; x_wconf 73' lang='lat' dir='ltr'><strong>rairuuniou</strong></span> <span class='ocrx_word' id='word_1_249' title='bbox 351 2429 530 2493; x_wconf 65' lang='lat' dir='ltr'><strong>tenemusne</strong></span> <span class='ocrx_word' id='word_1_250' title='bbox 546 2427 662 2490; x_wconf 72' lang='grc' dir='ltr'>ὑπακούει,</span> <span class='ocrx_word' id='word_1_251' title='bbox 673 2427 719 2477; x_wconf 78' lang='lat' dir='ltr'><strong>ltel</strong></span> <span class='ocrx_word' id='word_1_252' title='bbox 756 2434 816 2483; x_wconf 88' lang='lat' dir='ltr'><strong>dam</strong></span> <span class='ocrx_word' id='word_1_253' title='bbox 831 2449 846 2484; x_wconf 91' lang='lat' dir='ltr'><strong>e</strong></span> <span class='ocrx_word' id='word_1_254' title='bbox 861 2448 965 2497; x_wconf 84' lang='lat' dir='ltr'><strong>corone,</strong></span> <span class='ocrx_word' id='word_1_255' title='bbox 982 2434 1122 2483; x_wconf 85' lang='lat' dir='ltr'><strong>admiratus</strong></span> <span class='ocrx_word' id='word_1_256' title='bbox 1138 2433 1165 2482; x_wconf 86' lang='lat' dir='ltr'><strong>iu</strong></span> <span class='ocrx_word' id='word_1_257' title='bbox 1183 2433 1288 2482; x_wconf 86' lang='lat' dir='ltr'><strong>tantulo</strong></span> 
     </span>
     <span class='ocr_line' id='line_1_29' title="bbox 185 2503 1288 2575; baseline 0.001 -19"><span class='ocrx_word' id='word_1_258' title='bbox 185 2506 294 2568; x_wconf 69' lang='lat' dir='ltr'><strong>puteas</strong></span> <span class='ocrx_word' id='word_1_259' title='bbox 306 2505 402 2569; x_wconf 70' lang='grc' dir='ltr'><strong>ἴμερόεν,</strong></span> <span class='ocrx_word' id='word_1_260' title='bbox 412 2505 450 2566; x_wconf 75' lang='grc' dir='ltr'><strong>τό,</strong></span> <span class='ocrx_word' id='word_1_261' title='bbox 463 2523 501 2566; x_wconf 76' lang='lat' dir='ltr'><strong>pne</strong></span> <span class='ocrx_word' id='word_1_262' title='bbox 515 2505 561 2554; x_wconf 62' lang='grc' dir='ltr'><strong>τὸ)</strong></span> <span class='ocrx_word' id='word_1_263' title='bbox 577 2503 678 2568; x_wconf 64' lang='grc' dir='ltr'><strong>Καρδίαν</strong></span> <span class='ocrx_word' id='word_1_264' title='bbox 694 2503 720 2552; x_wconf 72' lang='grc' dir='ltr'><strong>ἓν</strong></span> <span class='ocrx_word' id='word_1_265' title='bbox 756 2510 911 2573; x_wconf 85' lang='lat' dir='ltr'><strong>corpusculo</strong></span> <span class='ocrx_word' id='word_1_266' title='bbox 935 2515 1035 2560; x_wconf 89' lang='lat' dir='ltr'><strong>tantam</strong></span> <span class='ocrx_word' id='word_1_267' title='bbox 1057 2509 1215 2575; x_wconf 79' lang='lat' dir='ltr'><strong>eloquentiae</strong></span> <span class='ocrx_word' id='word_1_268' title='bbox 1234 2508 1288 2557; x_wconf 90' lang='lat' dir='ltr'><strong>vim</strong></span> 
     </span>
     <span class='ocr_line' id='line_1_30' title="bbox 187 2578 1290 2646; baseline 0.002 -17"><span class='ocrx_word' id='word_1_269' title='bbox 187 2582 296 2641; x_wconf 60' lang='lat' dir='ltr'><strong>miraeo-n</strong></span> <span class='ocrx_word' id='word_1_270' title='bbox 306 2580 430 2630; x_wconf 59' lang='grc' dir='ltr'><strong>ἐκτύπει.</strong></span> <span class='ocrx_word' id='word_1_271' title='bbox 454 2579 602 2639; x_wconf 58' lang='lat' dir='ltr'><strong>‘nemora</strong></span> <span class='ocrx_word' id='word_1_272' title='bbox 613 2578 720 2644; x_wconf 72' lang='grc' dir='ltr'><strong>βρόγχον</strong></span> <span class='ocrx_word' id='word_1_273' title='bbox 756 2584 847 2646; x_wconf 89' lang='lat' dir='ltr'><strong>latere,</strong></span> <span class='ocrx_word' id='word_1_274' title='bbox 864 2583 972 2633; x_wconf 85' lang='lat' dir='ltr'><strong>sublatis</strong></span> <span class='ocrx_word' id='word_1_275' title='bbox 994 2583 1123 2645; x_wconf 88' lang='lat' dir='ltr'><strong>manibus,</strong></span> <span class='ocrx_word' id='word_1_276' title='bbox 1138 2583 1172 2632; x_wconf 91' lang='lat' dir='ltr'><strong>Di</strong></span> <span class='ocrx_word' id='word_1_277' title='bbox 1188 2583 1290 2645; x_wconf 74' lang='lat' dir='ltr'><strong>magni,</strong></span> 
     </span>
     <span class='ocr_line' id='line_1_31' title="bbox 188 2654 1290 2724; baseline -0.001 -17"><span class='ocrx_word' id='word_1_278' title='bbox 188 2657 293 2721; x_wconf 65' lang='lat' dir='ltr'><strong>iucipip</strong></span> <span class='ocrx_word' id='word_1_279' title='bbox 302 2657 372 2707; x_wconf 70' lang='lat' dir='ltr'><strong>odiis</strong></span> <span class='ocrx_word' id='word_1_280' title='bbox 381 2655 456 2705; x_wconf 64' lang='lat' dir='ltr'><strong>oden</strong></span> <span class='ocrx_word' id='word_1_281' title='bbox 463 2654 494 2705; x_wconf 68' lang='lat' dir='ltr'><strong>dd</strong></span> <span class='ocrx_word' id='word_1_282' title='bbox 502 2655 559 2715; x_wconf 73' lang='lat' dir='ltr'><strong>llaec·</strong></span> <span class='ocrx_word' id='word_1_283' title='bbox 576 2655 653 2704; x_wconf 78' lang='grc' dir='ltr'><strong>Ἀλλὰ</strong></span> <span class='ocrx_word' id='word_1_284' title='bbox 661 2672 719 2716; x_wconf 68' lang='lat' dir='ltr'><strong>usp·</strong></span> <span class='ocrx_word' id='word_1_285' title='bbox 757 2658 862 2724; x_wconf 83' lang='lat' dir='ltr'><strong>dixerit,</strong></span> <span class='ocrx_word' id='word_1_286' title='bbox 881 2658 1031 2723; x_wconf 80' lang='lat' dir='ltr'><strong>sulicippr‘um</strong></span> <span class='ocrx_word' id='word_1_287' title='bbox 1050 2659 1180 2708; x_wconf 80' lang='lat' dir='ltr'><strong>disertum:</strong></span> <span class='ocrx_word' id='word_1_288' title='bbox 1204 2659 1290 2720; x_wconf 86' lang='lat' dir='ltr'><strong>respi-</strong></span> 
     </span>
     <span class='ocr_line' id='line_1_32' title="bbox 186 2727 1289 2799; baseline -0.001 -16"><span class='ocrx_word' id='word_1_289' title='bbox 186 2733 338 2796; x_wconf 56' lang='lat' dir='ltr'><strong>‚lepram</strong></span> <span class='ocrx_word' id='word_1_290' title='bbox 355 2731 418 2796; x_wconf 52' lang='lat' dir='ltr'><strong>lui,</strong></span> <span class='ocrx_word' id='word_1_291' title='bbox 436 2732 467 2781; x_wconf 73' lang='lat' dir='ltr'><strong>iv</strong></span> <span class='ocrx_word' id='word_1_292' title='bbox 483 2730 508 2781; x_wconf 82' lang='lat' dir='ltr'><strong>al</strong></span> <span class='ocrx_word' id='word_1_293' title='bbox 527 2729 616 2782; x_wconf 70' lang='grc' dir='ltr'>λεπτόν</span> <span class='ocrx_word' id='word_1_294' title='bbox 631 2730 720 2781; x_wconf 69' lang='lat' dir='ltr'><strong>Airita</strong></span> <span class='ocrx_word' id='word_1_295' title='bbox 757 2727 828 2785; x_wconf 85' lang='lat' dir='ltr'><strong>ciens</strong></span> <span class='ocrx_word' id='word_1_296' title='bbox 846 2734 971 2786; x_wconf 87' lang='lat' dir='ltr'><strong>videlicet</strong></span> <span class='ocrx_word' id='word_1_297' title='bbox 992 2734 1024 2784; x_wconf 88' lang='lat' dir='ltr'><strong>ad</strong></span> <span class='ocrx_word' id='word_1_298' title='bbox 1053 2734 1089 2796; x_wconf 90' lang='lat' dir='ltr'><strong>id,</strong></span> <span class='ocrx_word' id='word_1_299' title='bbox 1116 2732 1185 2799; x_wconf 86' lang='lat' dir='ltr'><strong>quod</strong></span> <span class='ocrx_word' id='word_1_300' title='bbox 1209 2733 1289 2797; x_wconf 89' lang='lat' dir='ltr'><strong>paulo</strong></span> 
     </span>
     <span class='ocr_line' id='line_1_33' title="bbox 186 2806 1289 2874; baseline 0 -16"><span class='ocrx_word' id='word_1_301' title='bbox 186 2811 238 2873; x_wconf 70' lang='grc' dir='ltr'><strong>χρῶ</strong></span> <span class='ocrx_word' id='word_1_302' title='bbox 252 2809 299 2873; x_wconf 75' lang='grc' dir='ltr'><strong>πῦρ</strong></span> <span class='ocrx_word' id='word_1_303' title='bbox 313 2806 504 2874; x_wconf 69' lang='grc' dir='ltr'><strong><em>ὑπὸδεδρόμακεν.</em></strong></span> <span class='ocrx_word' id='word_1_304' title='bbox 527 2807 719 2871; x_wconf 58' lang='lat' dir='ltr'><strong>’ommuni&#39;</strong></span> <span class='ocrx_word' id='word_1_305' title='bbox 758 2817 819 2861; x_wconf 87' lang='lat' dir='ltr'><strong>aute</strong></span> <span class='ocrx_word' id='word_1_306' title='bbox 827 2811 996 2860; x_wconf 72' lang='lat' dir='ltr'><strong>narravimus.</strong></span> <span class='ocrx_word' id='word_1_307' title='bbox 1028 2808 1289 2859; x_wconf 84' lang='lat' dir='ltr'><strong>Rideudlautemoc·</strong></span> 
     </span>
    </p>
   </div>
   <div class='ocr_carea' id='block_1_7' title="bbox 95 2883 1290 2950">
    <p class='ocr_par' dir='ltr' id='par_1_8' title="bbox 95 2883 1290 2950">
     <span class='ocr_line' id='line_1_34' title="bbox 95 2883 1290 2950; baseline -0.002 -15"><span class='ocrx_word' id='word_1_308' title='bbox 95 2901 98 2906; x_wconf 91' lang='lat'>·</span> <span class='ocrx_word' id='word_1_309' title='bbox 187 2883 255 2935; x_wconf 71' lang='lat' dir='ltr'><strong>aidis</strong></span> <span class='ocrx_word' id='word_1_310' title='bbox 274 2885 350 2950; x_wconf 70' lang='lat' dir='ltr'><strong>tipum·</strong></span> <span class='ocrx_word' id='word_1_311' title='bbox 381 2886 509 2946; x_wconf 74' lang='grc' dir='ltr'><strong>βομβεῦσιν</strong></span> <span class='ocrx_word' id='word_1_312' title='bbox 534 2886 555 2933; x_wconf 76' lang='grc' dir='ltr'><strong>δ’</strong></span> <span class='ocrx_word' id='word_1_313' title='bbox 577 2883 645 2934; x_wconf 65' lang='lat' dir='ltr'><strong>duod</strong></span> <span class='ocrx_word' id='word_1_314' title='bbox 671 2897 718 2946; x_wconf 80' lang='grc' dir='ltr'>μοι·</span> <span class='ocrx_word' id='word_1_315' title='bbox 757 2887 886 2937; x_wconf 84' lang='lat' dir='ltr'><strong>cerionem</strong></span> <span class='ocrx_word' id='word_1_316' title='bbox 907 2887 981 2950; x_wconf 87' lang='lat' dir='ltr'><strong>cepit</strong></span> <span class='ocrx_word' id='word_1_317' title='bbox 1004 2885 1090 2936; x_wconf 78' lang='lat' dir='ltr'><strong>Poiita</strong></span> <span class='ocrx_word' id='word_1_318' title='bbox 1116 2900 1149 2935; x_wconf 86' lang='lat' dir='ltr'><strong>ex</strong></span> <span class='ocrx_word' id='word_1_319' title='bbox 1172 2885 1290 2946; x_wconf 74' lang='lat' dir='ltr'><strong>eleganti</strong></span> 
     </span>
    </p>
   </div>
   <div class='ocr_carea' id='block_1_8' title="bbox 186 2957 1293 4233">
    <p class='ocr_par' dir='ltr' id='par_1_9' title="bbox 186 2957 1293 4233">
     <span class='ocr_line' id='line_1_35' title="bbox 188 2957 1289 3027; baseline -0.002 -15"><span class='ocrx_word' id='word_1_320' title='bbox 188 2963 240 3012; x_wconf 75' lang='lat' dir='ltr'><strong>itai</strong></span> <span class='ocrx_word' id='word_1_321' title='bbox 255 2964 277 3011; x_wconf 83' lang='grc' dir='ltr'><strong>δ’</strong></span> <span class='ocrx_word' id='word_1_322' title='bbox 298 2962 365 3027; x_wconf 71' lang='grc' dir='ltr'><strong><em>ἱδρὼς</em></strong></span> <span class='ocrx_word' id='word_1_323' title='bbox 383 2960 472 3026; x_wconf 71' lang='grc' dir='ltr'>ψύχροι</span> <span class='ocrx_word' id='word_1_324' title='bbox 486 2958 575 3023; x_wconf 73' lang='lat' dir='ltr'><strong>xterat·</strong></span> <span class='ocrx_word' id='word_1_325' title='bbox 592 2957 676 3024; x_wconf 80' lang='grc' dir='ltr'>τρόμοι</span> <span class='ocrx_word' id='word_1_326' title='bbox 693 2957 719 3008; x_wconf 80' lang='lat' dir='ltr'><strong>tl</strong></span> <span class='ocrx_word' id='word_1_327' title='bbox 756 2961 874 3011; x_wconf 82' lang='lat' dir='ltr'><strong>novitate</strong></span> <span class='ocrx_word' id='word_1_328' title='bbox 896 2961 977 3022; x_wconf 89' lang='lat' dir='ltr'><strong>vocis,</strong></span> <span class='ocrx_word' id='word_1_329' title='bbox 999 2976 1074 3026; x_wconf 91' lang='lat' dir='ltr'><strong>quam</strong></span> <span class='ocrx_word' id='word_1_330' title='bbox 1098 2961 1151 3023; x_wconf 89' lang='lat' dir='ltr'><strong>ille,</strong></span> <span class='ocrx_word' id='word_1_331' title='bbox 1172 2959 1289 3025; x_wconf 79' lang='lat' dir='ltr'><strong>quisquis</strong></span> 
     </span>
     <span class='ocr_line' id='line_1_36' title="bbox 187 3035 1290 3103; baseline -0.002 -15"><span class='ocrx_word' id='word_1_332' title='bbox 187 3039 272 3088; x_wconf 73' lang='grc' dir='ltr'>Πᾶσαι</span> <span class='ocrx_word' id='word_1_333' title='bbox 289 3039 354 3103; x_wconf 74' lang='lat' dir='ltr'><strong>siper·</strong></span> <span class='ocrx_word' id='word_1_334' title='bbox 373 3036 510 3102; x_wconf 70' lang='grc' dir='ltr'><strong><em>χλωροτέρη</em></strong></span> <span class='ocrx_word' id='word_1_335' title='bbox 529 3035 555 3086; x_wconf 80' lang='lat' dir='ltr'><strong>tl</strong></span> <span class='ocrx_word' id='word_1_336' title='bbox 569 3035 636 3086; x_wconf 78' lang='lat' dir='ltr'><strong>roias</strong></span> <span class='ocrx_word' id='word_1_337' title='bbox 646 3035 721 3096; x_wconf 64' lang='lat' dir='ltr'><strong>&#39;W&#39;</strong></span> <span class='ocrx_word' id='word_1_338' title='bbox 756 3035 967 3098; x_wconf 86' lang='lat' dir='ltr'><strong>fnit,asalieudo</strong></span> <span class='ocrx_word' id='word_1_339' title='bbox 977 3036 1004 3085; x_wconf 89' lang='lat' dir='ltr'><strong>in</strong></span> <span class='ocrx_word' id='word_1_340' title='bbox 1012 3037 1127 3102; x_wconf 88' lang='lat' dir='ltr'><strong>cippum,</strong></span> <span class='ocrx_word' id='word_1_341' title='bbox 1135 3036 1233 3086; x_wconf 85' lang='lat' dir='ltr'><strong>urbane</strong></span> <span class='ocrx_word' id='word_1_342' title='bbox 1242 3037 1290 3086; x_wconf 89' lang='lat' dir='ltr'><strong>ad-</strong></span> 
     </span>
     <span class='ocr_line' id='line_1_37' title="bbox 186 3111 1290 3177; baseline 0 -15"><span class='ocrx_word' id='word_1_343' title='bbox 186 3115 293 3164; x_wconf 71' lang='lat' dir='ltr'><strong>neurim</strong></span> <span class='ocrx_word' id='word_1_344' title='bbox 304 3113 412 3174; x_wconf 72' lang='grc' dir='ltr'><strong>δ’ὄλῖγου</strong></span> <span class='ocrx_word' id='word_1_345' title='bbox 421 3111 718 3175; x_wconf 64' lang='grc' dir='ltr'><strong>δέοισαῶαῐνομαιᾶπνονι.</strong></span> <span class='ocrx_word' id='word_1_346' title='bbox 756 3112 860 3163; x_wconf 88' lang='lat' dir='ltr'><strong>modum</strong></span> <span class='ocrx_word' id='word_1_347' title='bbox 867 3119 1027 3177; x_wconf 89' lang='lat' dir='ltr'><strong>venusteque</strong></span> <span class='ocrx_word' id='word_1_348' title='bbox 1041 3111 1211 3162; x_wconf 83' lang='lat' dir='ltr'><strong>confinxerat.</strong></span> <span class='ocrx_word' id='word_1_349' title='bbox 1222 3114 1290 3163; x_wconf 89' lang='lat' dir='ltr'><strong>Cum</strong></span> 
     </span>
     <span class='ocr_line' id='line_1_38' title="bbox 756 3185 1290 3252; baseline 0.002 -15"><span class='ocrx_word' id='word_1_350' title='bbox 756 3194 842 3237; x_wconf 89' lang='lat' dir='ltr'><strong>autern</strong></span> <span class='ocrx_word' id='word_1_351' title='bbox 851 3185 1290 3252; x_wconf 76' lang='lat' dir='ltr'><strong>aliimonatraquudamvocabulo-</strong></span> 
     </span>
     <span class='ocr_line' id='line_1_39' title="bbox 193 3240 1289 3327; baseline 0.001 -16"><span class='ocrx_word' id='word_1_352' title='bbox 193 3281 200 3289; x_wconf 67' lang='grc'><strong>’</strong></span> <span class='ocrx_word' id='word_1_353' title='bbox 273 3266 276 3271; x_wconf 81' lang='grc'>’</span> <span class='ocrx_word' id='word_1_354' title='bbox 337 3240 492 3292; x_wconf 66' lang='lat' dir='ltr'>CARMEN</span> <span class='ocrx_word' id='word_1_355' title='bbox 510 3241 570 3290; x_wconf 71' lang='grc' dir='ltr'><strong>ῙᾸῙ·</strong></span> <span class='ocrx_word' id='word_1_356' title='bbox 755 3279 812 3313; x_wconf 88' lang='lat' dir='ltr'><strong>rum</strong></span> <span class='ocrx_word' id='word_1_357' title='bbox 823 3263 850 3312; x_wconf 88' lang='lat' dir='ltr'><strong>in</strong></span> <span class='ocrx_word' id='word_1_358' title='bbox 858 3265 927 3312; x_wconf 86' lang='lat' dir='ltr'><strong>hunc</strong></span> <span class='ocrx_word' id='word_1_359' title='bbox 935 3264 1019 3312; x_wconf 89' lang='lat' dir='ltr'><strong>locum</strong></span> <span class='ocrx_word' id='word_1_360' title='bbox 1028 3261 1197 3324; x_wconf 85' lang='lat' dir='ltr'><strong>invexissent,</strong></span> <span class='ocrx_word' id='word_1_361' title='bbox 1205 3277 1289 3327; x_wconf 87' lang='lat' dir='ltr'><strong>eaque</strong></span> 
     </span>
     <span class='ocr_line' id='line_1_40' title="bbox 221 3335 1291 3401; baseline -0.001 -14"><span class='ocrx_word' id='word_1_362' title='bbox 221 3337 357 3394; x_wconf 84' lang='lat' dir='ltr'><strong>lQaideat</strong></span> <span class='ocrx_word' id='word_1_363' title='bbox 368 3336 473 3400; x_wconf 65' lang='lat' dir='ltr'><strong>Catane]</strong></span> <span class='ocrx_word' id='word_1_364' title='bbox 500 3336 592 3385; x_wconf 86' lang='lat' dir='ltr'><strong>Secum</strong></span> <span class='ocrx_word' id='word_1_365' title='bbox 603 3335 719 3400; x_wconf 80' lang='lat' dir='ltr'><strong>indigna·</strong></span> <span class='ocrx_word' id='word_1_366' title='bbox 757 3338 868 3388; x_wconf 81' lang='lat' dir='ltr'><strong>barbare</strong></span> <span class='ocrx_word' id='word_1_367' title='bbox 890 3344 918 3387; x_wconf 91' lang='lat' dir='ltr'><strong>et</strong></span> <span class='ocrx_word' id='word_1_368' title='bbox 940 3339 1037 3388; x_wconf 88' lang='lat' dir='ltr'><strong>insulse</strong></span> <span class='ocrx_word' id='word_1_369' title='bbox 1060 3336 1227 3401; x_wconf 84' lang='lat' dir='ltr'><strong>interpretati</strong></span> <span class='ocrx_word' id='word_1_370' title='bbox 1250 3351 1291 3386; x_wconf 90' lang='lat' dir='ltr'><strong>es-</strong></span> 
     </span>
     <span class='ocr_line' id='line_1_41' title="bbox 189 3410 1292 3476; baseline -0.002 -12"><span class='ocrx_word' id='word_1_371' title='bbox 189 3423 240 3476; x_wconf 85' lang='lat' dir='ltr'><strong>tur,</strong></span> <span class='ocrx_word' id='word_1_372' title='bbox 257 3411 372 3461; x_wconf 83' lang='lat' dir='ltr'><strong>homiues</strong></span> <span class='ocrx_word' id='word_1_373' title='bbox 383 3410 584 3474; x_wconf 82' lang='lat' dir='ltr'><strong>indignissimos,</strong></span> <span class='ocrx_word' id='word_1_374' title='bbox 604 3412 718 3461; x_wconf 88' lang='lat' dir='ltr'><strong>Nouium</strong></span> <span class='ocrx_word' id='word_1_375' title='bbox 757 3419 834 3475; x_wconf 86' lang='lat' dir='ltr'><strong>eent;</strong></span> <span class='ocrx_word' id='word_1_376' title='bbox 849 3412 948 3476; x_wconf 84' lang='lat' dir='ltr'><strong>primns</strong></span> <span class='ocrx_word' id='word_1_377' title='bbox 967 3413 1064 3463; x_wconf 89' lang='lat' dir='ltr'><strong>Paulus</strong></span> <span class='ocrx_word' id='word_1_378' title='bbox 1081 3413 1216 3463; x_wconf 83' lang='lat' dir='ltr'><strong>Manutius</strong></span> <span class='ocrx_word' id='word_1_379' title='bbox 1235 3415 1292 3462; x_wconf 91' lang='lat' dir='ltr'><strong>aui·</strong></span> 
     </span>
     <span class='ocr_line' id='line_1_42' title="bbox 188 3485 1292 3552; baseline 0 -14"><span class='ocrx_word' id='word_1_380' title='bbox 188 3493 359 3551; x_wconf 71' lang='lat' dir='ltr'><strong>cognomento</strong></span> <span class='ocrx_word' id='word_1_381' title='bbox 377 3485 517 3549; x_wconf 78' lang='lat' dir='ltr'><strong>strumam,</strong></span> <span class='ocrx_word' id='word_1_382' title='bbox 534 3492 563 3536; x_wconf 90' lang='lat' dir='ltr'><strong>et</strong></span> <span class='ocrx_word' id='word_1_383' title='bbox 577 3485 720 3548; x_wconf 86' lang='lat' dir='ltr'><strong>Vatinium,</strong></span> <span class='ocrx_word' id='word_1_384' title='bbox 756 3488 907 3550; x_wconf 83' lang='lat' dir='ltr'><strong>madvertlt,</strong></span> <span class='ocrx_word' id='word_1_385' title='bbox 924 3494 952 3537; x_wconf 92' lang='lat' dir='ltr'><strong>et</strong></span> <span class='ocrx_word' id='word_1_386' title='bbox 967 3488 1018 3551; x_wconf 85' lang='lat' dir='ltr'><strong>hic,</strong></span> <span class='ocrx_word' id='word_1_387' title='bbox 1028 3495 1057 3538; x_wconf 94' lang='lat' dir='ltr'><strong>et</strong></span> <span class='ocrx_word' id='word_1_388' title='bbox 1073 3487 1143 3552; x_wconf 89' lang='lat' dir='ltr'><strong>apud</strong></span> <span class='ocrx_word' id='word_1_389' title='bbox 1154 3489 1292 3552; x_wconf 82' lang='lat' dir='ltr'><strong>Senecam,</strong></span> 
     </span>
     <span class='ocr_line' id='line_1_43' title="bbox 188 3561 1291 3630; baseline 0 -17"><span class='ocrx_word' id='word_1_390' title='bbox 188 3564 260 3614; x_wconf 90' lang='lat' dir='ltr'><strong>illum</strong></span> <span class='ocrx_word' id='word_1_391' title='bbox 283 3562 387 3626; x_wconf 87' lang='lat' dir='ltr'><strong>quidem</strong></span> <span class='ocrx_word' id='word_1_392' title='bbox 410 3561 443 3610; x_wconf 87' lang='lat' dir='ltr'><strong>ad</strong></span> <span class='ocrx_word' id='word_1_393' title='bbox 467 3561 629 3611; x_wconf 83' lang='lat' dir='ltr'><strong>AEdilitatem</strong></span> <span class='ocrx_word' id='word_1_394' title='bbox 646 3562 719 3610; x_wconf 79' lang='lat' dir='ltr'><strong>Prae·</strong></span> <span class='ocrx_word' id='word_1_395' title='bbox 756 3565 912 3629; x_wconf 80' lang='lat' dir='ltr'><strong>mlioippium,</strong></span> <span class='ocrx_word' id='word_1_396' title='bbox 937 3579 969 3616; x_wconf 91' lang='lat' dir='ltr'><strong>eo</strong></span> <span class='ocrx_word' id='word_1_397' title='bbox 991 3580 1042 3630; x_wconf 89' lang='lat' dir='ltr'><strong>quo</strong></span> <span class='ocrx_word' id='word_1_398' title='bbox 1067 3565 1177 3615; x_wconf 86' lang='lat' dir='ltr'><strong>diximus</strong></span> <span class='ocrx_word' id='word_1_399' title='bbox 1200 3579 1291 3629; x_wconf 86' lang='lat' dir='ltr'><strong>sensu,</strong></span> 
     </span>
     <span class='ocr_line' id='line_1_44' title="bbox 188 3634 953 3705; baseline 0.004 -15"><span class='ocrx_word' id='word_1_400' title='bbox 188 3647 307 3690; x_wconf 84' lang='lat' dir='ltr'><strong>turamve</strong></span> <span class='ocrx_word' id='word_1_401' title='bbox 314 3641 376 3702; x_wconf 91' lang='lat' dir='ltr'><strong>(non</strong></span> <span class='ocrx_word' id='word_1_402' title='bbox 386 3638 455 3686; x_wconf 88' lang='lat' dir='ltr'><strong>enim</strong></span> <span class='ocrx_word' id='word_1_403' title='bbox 465 3637 571 3686; x_wconf 88' lang='lat' dir='ltr'><strong>memini</strong></span> <span class='ocrx_word' id='word_1_404' title='bbox 580 3634 719 3702; x_wconf 82' lang='lat' dir='ltr'><strong>quidquam</strong></span> <span class='ocrx_word' id='word_1_405' title='bbox 756 3642 810 3704; x_wconf 78' lang='lat' dir='ltr'><strong>legi</strong></span> <span class='ocrx_word' id='word_1_406' title='bbox 821 3647 953 3705; x_wconf 85' lang='lat' dir='ltr'><strong>oportere.</strong></span> 
     </span>
     <span class='ocr_line' id='line_1_45' title="bbox 187 3711 1293 3780; baseline 0 -14"><span class='ocrx_word' id='word_1_407' title='bbox 187 3717 237 3766; x_wconf 84' lang='lat' dir='ltr'><strong>lsac</strong></span> <span class='ocrx_word' id='word_1_408' title='bbox 248 3714 282 3764; x_wconf 90' lang='lat' dir='ltr'><strong>de</strong></span> <span class='ocrx_word' id='word_1_409' title='bbox 299 3727 328 3762; x_wconf 84' lang='lat' dir='ltr'><strong>re</strong></span> <span class='ocrx_word' id='word_1_410' title='bbox 342 3714 408 3763; x_wconf 87' lang='lat' dir='ltr'><strong>certi</strong></span> <span class='ocrx_word' id='word_1_411' title='bbox 420 3713 560 3776; x_wconf 82' lang='lat' dir='ltr'><strong>proditum</strong></span> <span class='ocrx_word' id='word_1_412' title='bbox 568 3711 637 3778; x_wconf 86' lang='lat' dir='ltr'><strong>esse)</strong></span> <span class='ocrx_word' id='word_1_413' title='bbox 648 3713 719 3762; x_wconf 90' lang='lat' dir='ltr'><strong>illum</strong></span> <span class='ocrx_word' id='word_1_414' title='bbox 789 3718 821 3767; x_wconf 81' lang='lat' dir='ltr'><strong>Is</strong></span> <span class='ocrx_word' id='word_1_415' title='bbox 831 3715 928 3780; x_wconf 80' lang='lat' dir='ltr'><strong>corono]</strong></span> <span class='ocrx_word' id='word_1_416' title='bbox 949 3716 993 3766; x_wconf 86' lang='lat' dir='ltr'><strong>lta</strong></span> <span class='ocrx_word' id='word_1_417' title='bbox 1008 3715 1137 3780; x_wconf 81' lang='lat' dir='ltr'><strong>vocabunt</strong></span> <span class='ocrx_word' id='word_1_418' title='bbox 1148 3716 1293 3766; x_wconf 85' lang='lat' dir='ltr'><strong>multitudi-</strong></span> 
     </span>
     <span class='ocr_line' id='line_1_46' title="bbox 188 3788 1291 3858; baseline 0.001 -17"><span class='ocrx_word' id='word_1_419' title='bbox 188 3788 311 3858; x_wconf 76' lang='lat' dir='ltr'><strong>etiamad</strong></span> <span class='ocrx_word' id='word_1_420' title='bbox 324 3789 484 3838; x_wconf 84' lang='lat' dir='ltr'><strong>consulatum</strong></span> <span class='ocrx_word' id='word_1_421' title='bbox 497 3788 659 3851; x_wconf 75' lang='lat' dir='ltr'><strong>pervenisse,</strong></span> <span class='ocrx_word' id='word_1_422' title='bbox 681 3788 720 3837; x_wconf 81' lang='lat' dir='ltr'><strong>id·</strong></span> <span class='ocrx_word' id='word_1_423' title='bbox 757 3809 826 3858; x_wconf 89' lang='lat' dir='ltr'><strong>nem,</strong></span> <span class='ocrx_word' id='word_1_424' title='bbox 843 3808 900 3858; x_wconf 74' lang='lat' dir='ltr'><strong>quoe</strong></span> <span class='ocrx_word' id='word_1_425' title='bbox 917 3793 943 3842; x_wconf 90' lang='lat' dir='ltr'><strong>in</strong></span> <span class='ocrx_word' id='word_1_426' title='bbox 958 3791 1042 3841; x_wconf 90' lang='lat' dir='ltr'><strong>forum</strong></span> <span class='ocrx_word' id='word_1_427' title='bbox 1060 3790 1216 3842; x_wconf 83' lang='lat' dir='ltr'><strong>confluebat.</strong></span> <span class='ocrx_word' id='word_1_428' title='bbox 1245 3792 1291 3842; x_wconf 85' lang='lat' dir='ltr'><strong>Ci-</strong></span> 
     </span>
     <span class='ocr_line' id='line_1_47' title="bbox 190 3860 1291 3932; baseline 0.002 -18"><span class='ocrx_word' id='word_1_429' title='bbox 190 3879 240 3928; x_wconf 84' lang='lat' dir='ltr'><strong>que</strong></span> <span class='ocrx_word' id='word_1_430' title='bbox 259 3863 403 3928; x_wconf 85' lang='lat' dir='ltr'><strong>ita‘iniquo</strong></span> <span class='ocrx_word' id='word_1_431' title='bbox 423 3862 509 3912; x_wconf 87' lang='lat' dir='ltr'><strong>animo</strong></span> <span class='ocrx_word' id='word_1_432' title='bbox 528 3860 591 3925; x_wconf 86' lang='lat' dir='ltr'><strong>feu,</strong></span> <span class='ocrx_word' id='word_1_433' title='bbox 609 3870 640 3913; x_wconf 92' lang='lat' dir='ltr'><strong>ut</strong></span> <span class='ocrx_word' id='word_1_434' title='bbox 655 3863 719 3914; x_wconf 86' lang='lat' dir='ltr'><strong>nihil</strong></span> <span class='ocrx_word' id='word_1_435' title='bbox 757 3882 828 3932; x_wconf 87' lang='lat' dir='ltr'><strong>cero,</strong></span> <span class='ocrx_word' id='word_1_436' title='bbox 856 3868 937 3918; x_wconf 87' lang='lat' dir='ltr'><strong>‘Non</strong></span> <span class='ocrx_word' id='word_1_437' title='bbox 953 3867 1022 3917; x_wconf 86' lang='lat' dir='ltr'><strong>enim</strong></span> <span class='ocrx_word' id='word_1_438' title='bbox 1041 3880 1137 3916; x_wconf 83' lang='lat' dir='ltr'><strong>corona</strong></span> <span class='ocrx_word' id='word_1_439' title='bbox 1154 3881 1291 3916; x_wconf 85' lang='lat' dir='ltr'><strong>consessus</strong></span> 
     </span>
     <span class='ocr_line' id='line_1_48' title="bbox 188 3939 1183 4004; baseline -0.001 -13"><span class='ocrx_word' id='word_1_440' title='bbox 188 3942 241 3991; x_wconf 86' lang='lat' dir='ltr'><strong>albi</strong></span> <span class='ocrx_word' id='word_1_441' title='bbox 250 3955 347 3991; x_wconf 74' lang='lat' dir='ltr'><strong>caussae</strong></span> <span class='ocrx_word' id='word_1_442' title='bbox 356 3954 413 3989; x_wconf 88' lang='lat' dir='ltr'><strong>ease</strong></span> <span class='ocrx_word' id='word_1_443' title='bbox 424 3939 506 4001; x_wconf 85' lang='lat' dir='ltr'><strong>dicat,</strong></span> <span class='ocrx_word' id='word_1_444' title='bbox 517 3953 564 3989; x_wconf 82' lang='lat' dir='ltr'><strong>cnr</strong></span> <span class='ocrx_word' id='word_1_445' title='bbox 574 3954 626 3989; x_wconf 90' lang='lat' dir='ltr'><strong>non</strong></span> <span class='ocrx_word' id='word_1_446' title='bbox 638 3955 654 3988; x_wconf 89' lang='lat' dir='ltr'><strong>a</strong></span> <span class='ocrx_word' id='word_1_447' title='bbox 665 3941 720 3989; x_wconf 88' lang='lat' dir='ltr'><strong>vita</strong></span> <span class='ocrx_word' id='word_1_448' title='bbox 756 3948 845 3994; x_wconf 72' lang='lat' dir='ltr'><strong>venter</strong></span> <span class='ocrx_word' id='word_1_449' title='bbox 855 3943 956 3993; x_wconf 80' lang='lat' dir='ltr'><strong>uinctus</strong></span> <span class='ocrx_word' id='word_1_450' title='bbox 965 3950 1014 4004; x_wconf 87' lang='lat' dir='ltr'><strong>est,</strong></span> <span class='ocrx_word' id='word_1_451' title='bbox 1022 3948 1051 3991; x_wconf 92' lang='lat' dir='ltr'><strong>ut</strong></span> <span class='ocrx_word' id='word_1_452' title='bbox 1063 3941 1183 3992; x_wconf 70' lang='lat' dir='ltr'><strong>solebat!</strong></span> 
     </span>
     <span class='ocr_line' id='line_1_49' title="bbox 190 4013 1289 4080; baseline 0.004 -16"><span class='ocrx_word' id='word_1_453' title='bbox 190 4016 276 4079; x_wconf 83' lang='lat' dir='ltr'><strong>potius</strong></span> <span class='ocrx_word' id='word_1_454' title='bbox 288 4015 406 4078; x_wconf 85' lang='lat' dir='ltr'><strong>recedat,</strong></span> <span class='ocrx_word' id='word_1_455' title='bbox 421 4029 497 4079; x_wconf 86' lang='lat' dir='ltr'><strong>quum</strong></span> <span class='ocrx_word' id='word_1_456' title='bbox 515 4019 545 4064; x_wconf 90' lang='lat' dir='ltr'><strong>nt</strong></span> <span class='ocrx_word' id='word_1_457' title='bbox 557 4014 607 4064; x_wconf 86' lang='lat' dir='ltr'><strong>iata</strong></span> <span class='ocrx_word' id='word_1_458' title='bbox 618 4022 721 4078; x_wconf 89' lang='lat' dir='ltr'><strong>specta·</strong></span> <span class='ocrx_word' id='word_1_459' title='bbox 789 4023 805 4068; x_wconf 75' lang='lat'><em>2</em></span> <span class='ocrx_word' id='word_1_460' title='bbox 826 4019 955 4068; x_wconf 77' lang='lat' dir='ltr'><strong>Vatiniana</strong></span> <span class='ocrx_word' id='word_1_461' title='bbox 966 4018 1080 4080; x_wconf 66' lang='lat' dir='ltr'><strong>cumino]</strong></span> <span class='ocrx_word' id='word_1_462' title='bbox 1106 4019 1147 4067; x_wconf 86' lang='lat' dir='ltr'><strong>Ex</strong></span> <span class='ocrx_word' id='word_1_463' title='bbox 1160 4013 1289 4068; x_wconf 77' lang='lat' dir='ltr'><strong>Oratione</strong></span> 
     </span>
     <span class='ocr_line' id='line_1_50' title="bbox 189 4090 1289 4156; baseline 0.005 -19"><span class='ocrx_word' id='word_1_464' title='bbox 189 4090 249 4138; x_wconf 90' lang='lat' dir='ltr'><strong>eula</strong></span> <span class='ocrx_word' id='word_1_465' title='bbox 260 4090 356 4140; x_wconf 84' lang='lat' dir='ltr'><strong>videet.</strong></span> <span class='ocrx_word' id='word_1_466' title='bbox 758 4094 832 4143; x_wconf 85' lang='lat' dir='ltr'><strong>Calvi</strong></span> <span class='ocrx_word' id='word_1_467' title='bbox 851 4094 878 4143; x_wconf 94' lang='lat' dir='ltr'><strong>in</strong></span> <span class='ocrx_word' id='word_1_468' title='bbox 894 4094 1038 4156; x_wconf 86' lang='lat' dir='ltr'><strong>Vatinium,</strong></span> <span class='ocrx_word' id='word_1_469' title='bbox 1050 4094 1116 4145; x_wconf 87' lang='lat' dir='ltr'><strong>citat</strong></span> <span class='ocrx_word' id='word_1_470' title='bbox 1132 4094 1189 4143; x_wconf 84' lang='lat' dir='ltr'><strong>haec</strong></span> <span class='ocrx_word' id='word_1_471' title='bbox 1208 4095 1289 4156; x_wconf 78' lang='lat' dir='ltr'><strong>verba</strong></span> 
     </span>
     <span class='ocr_line' id='line_1_51' title="bbox 195 4163 1290 4233; baseline 0.008 -22"><span class='ocrx_word' id='word_1_472' title='bbox 195 4168 238 4211; x_wconf 66' lang='lat' dir='ltr'><strong>..p</strong></span> <span class='ocrx_word' id='word_1_473' title='bbox 257 4163 306 4212; x_wconf 82' lang='lat' dir='ltr'><strong>Per</strong></span> <span class='ocrx_word' id='word_1_474' title='bbox 322 4165 479 4228; x_wconf 60' lang='lat' dir='ltr'><strong>murmura]</strong></span> <span class='ocrx_word' id='word_1_475' title='bbox 511 4165 637 4217; x_wconf 86' lang='lat' dir='ltr'><strong>Solebant</strong></span> <span class='ocrx_word' id='word_1_476' title='bbox 652 4168 720 4218; x_wconf 89' lang='lat' dir='ltr'><strong>enim</strong></span> <span class='ocrx_word' id='word_1_477' title='bbox 758 4170 858 4218; x_wconf 81' lang='lat' dir='ltr'><strong>Seneca</strong></span> <span class='ocrx_word' id='word_1_478' title='bbox 867 4168 951 4233; x_wconf 87' lang='lat' dir='ltr'><strong>Epist.</strong></span> <span class='ocrx_word' id='word_1_479' title='bbox 962 4169 1006 4219; x_wconf 87' lang='lat' dir='ltr'><strong>lib.</strong></span> <span class='ocrx_word' id='word_1_480' title='bbox 1018 4182 1075 4218; x_wconf 82' lang='lat' dir='ltr'><strong>rvr.</strong></span> <span class='ocrx_word' id='word_1_481' title='bbox 1093 4169 1220 4219; x_wconf 89' lang='lat' dir='ltr'><strong>‘Factum</strong></span> <span class='ocrx_word' id='word_1_482' title='bbox 1231 4184 1290 4220; x_wconf 85' lang='lat' dir='ltr'><strong>esse</strong></span> 
     </span>
    </p>
   </div>
   <div class='ocr_carea' id='block_1_9' title="bbox 0 0 1393 4694">
    <p class='ocr_par' dir='ltr' id='par_1_10' title="bbox 0 0 1393 4694">
     <span class='ocr_line' id='line_1_52' title="bbox 0 0 1393 4694; baseline 0 0"><span class='ocrx_word' id='word_1_483' title='bbox 0 0 1393 4694; x_wconf 95' lang='lat' dir='ltr'><strong> </strong></span> 
     </span>
    </p>
   </div>
  </div>
 </body>
</html>
