2752 4694
399 303 439 355 tu
462 300 631 353 carosus
651 302 809 350 atauus
837 304 930 353 txtr.
956 316 960 325 ·
1150 287 1214 351 591

113 442 237 495 thalamis)
256 443 347 492 Stellae
371 448 400 492 et
426 439 585 494 Violentillts
615 444 642 492 iu
680 450 940 507 quotusquamsunt,
957 444 1077 495 librorum
1091 446 1216 496 vetustis

113 521 224 572 eandem
247 518 415 576 sententiam,
437 518 447 546 ⁶
466 518 568 581 Exerce
590 517 643 567 for·
681 519 754 580 siano,
770 521 777 547 ‘
791 519 840 568 lile
852 533 952 569 comam
963 522 1107 585 molliujam
1119 521 1214 572 tonde·

112 611 191 657 mam,
208 593 408 658 etfugtennoas
415 593 595 644 uteredonisz'
612 607 644 643 ac
681 594 726 643 bat
740 594 870 658 hyacinthi
879 594 896 642 :’
913 604 990 659 atque
1010 595 1078 644 idem
1091 597 1214 646 Catullus

113 679 183 736 post,
200 672 291 734 ‘Ergo
302 682 350 732 age
357 671 440 734 junge
452 672 548 732 thoros,
563 677 644 733 atque
681 669 751 731 alibi,
766 673 773 698 ‘
785 671 848 718 Tum
859 670 947 719 Thetis
958 670 1082 720 humanos
1100 686 1152 722 non
1168 671 1214 722 de·

113 749 170 798 otia
188 748 264 797 derat
279 745 416 813 javentm’
447 748 584 797 Valentem
599 745 644 808 ju·
681 745 770 808 spexit
780 745 957 808 llytnenaeos.’

113 827 313 891 redimerat,
322 829 351 871 nt
362 822 490 872 Hesiodus
498 822 560 880 iiim
570 829 645 870 rouu-
713 825 728 869 7
755 820 876 870 Nimirum
899 822 961 870 Eoos
989 822 1091 870 ostendit
1111 822 1215 883 norim«

113 898 198 965 xm
215 899 283 948 illios
295 899 362 948 enim
374 913 463 949 versus
474 907 514 948 est
524 900 549 947 tu
559 897 645 963 ἡρωτκῇ
680 897 780 960 imbuet}
788 898 962 961 Hieronymus
972 897 1100 948 Avantius
1110 898 1136 946 in
1144 900 1213 949 lilrro

111 974 265 1038 maronie,
289 980 318 1022 ut
340 973 515 1037 Lycophronis
535 972 645 1028 adducit
681 971 779 1022 Antoni
792 974 890 1023 Mureti
902 975 1027 1036 scripturn
1039 973 1120 1023 fuisse
1135 981 1214 1024 testa·

114 1053 262 1115 Interpres,
274 1049 355 1113 Αὐτὰρ
365 1049 416 1098 ἔτι(
424 1050 443 1113 p‘
453 1049 514 1107 ἥβης
528 1059 644 1113 τολυκριι·
682 1058 734 1113 tur,
752 1051 873 1101 Nimirum
883 1052 992 1101 <etherius
1001 1055 1103 1102 ostendii
1113 1052 1214 1113 metirer

28 1175 41 1189 ,
112 1129 168 1178 τοῦς
181 1123 351 1188 iuerouirpou.
384 1124 473 1174 Plaut.
485 1124 579 1173 Casina
592 1123 645 1173 Va·
680 1128 754 1189 ignes,
787 1129 864 1180 Quod
876 1128 898 1177 si
909 1129 947 1178 ita
959 1137 1007 1191 est,
1024 1144 1074 1178 non
1086 1136 1127 1178 est
1143 1129 1213 1193 quod

112 1204 238 1253 lentulum
247 1202 338 1252 eodem
347 1201 423 1249 modo
432 1200 535 1248 videtur
545 1199 645 1263 dicere,
682 1203 764 1250 multa
780 1203 924 1264 loquamur.
957 1204 990 1252 In
1007 1204 1122 1253 omnibus
1143 1211 1213 1263 eret,

114 1281 123 1308 ‘
135 1279 262 1342 Obsecro,
278 1284 308 1327 ut
320 1277 450 1329 ualeotula
459 1276 525 1325 esti’
683 1278 804 1326 Nimirum
815 1279 865 1327 lraee
882 1294 920 1327 eos
936 1281 1036 1328 ostendit
1053 1280 1155 1338 noctifer
1169 1281 1215 1332 iras

251 1389 258 1398 ,
682 1353 731 1402 ter.
764 1354 840 1402 Unde
851 1353 989 1418 faciebam,
999 1356 1122 1405 Nirniruar
1134 1357 1214 1406 OEtoe·

252 1404 405 1454 CARMEN
422 1403 511 1455 LXII·
682 1445 710 1479 as
725 1430 833 1487 ¹obtendit
852 1430 952 1488 trucider
971 1431 1074 1480 umbros.
1119 1433 1214 1482 (ΕΜ

148 1511 207 1560 Hoc
220 1523 322 1574 quoque
333 1507 528 1572 Epithalamiou·
536 1507 568 1555 ad
577 1507 645 1555 Mal·
683 1512 768 1556 autem
779 1506 872 1554 umbros
880 1506 984 1568 dixerit,
994 1513 1023 1555 ut
1035 1513 1135 1556 certum
1142 1521 1215 1558 mon·

113 1586 143 1634 lii
155 1585 259 1649 nuptias
271 1584 403 1648 pertinere
413 1590 484 1646 puto.
516 1582 559 1631 Sic
570 1583 646 1631 Clau·
684 1586 737 1630 tem
763 1596 809 1644 pro
831 1583 919 1630 multis
946 1583 1062 1644 posuerit
1095 1583 1215 1646 incertis,

115 1660 230 1709 dianio
252 1659 352 1709 Honori
373 1666 401 1708 et
429 1659 522 1708 Mariua
547 1659 645 1721 nuptiis
683 1663 760 1721 atque
772 1657 839 1705 idem
849 1671 931 1720 prope
942 1657 1022 1719 dicat,
1033 1657 1101 1720 quod
1112 1659 1213 1722 Vergil.

116 1737 188 1785 vario
202 1735 265 1784 lusit
281 1749 397 1799 numero,
413 1734 490 1784 modo
507 1735 556 1784 lroc
567 1734 645 1786 modo
683 1733 866 1797 ‘Majoresquc
884 1734 980 1783 cadunt
1000 1734 1060 1783 altis
1077 1734 1110 1783 de
1122 1735 1216 1784 monti·

115 1813 185 1864 illoc.
683 1810 730 1858 bns
742 1810 838 1858 umlrrae
847 1808 863 1858 ι’
881 1810 922 1857 vel
935 1817 1044 1872 propter
1056 1810 1120 1859 illud
1133 1811 1213 1861 etiarn

125 1914 127 1919 ν
149 1891 163 1936 1
184 1885 272 1950 Vesper
281 1884 477 1947 adest,jurmes]
494 1886 564 1945 Lege
576 1884 645 1933 euim
684 1885 752 1947 apud
765 1886 885 1946 erundum,
902 1886 978 1935 ‘Tibi
996 1887 1092 1936 deserit
1110 1887 1213 1952 Hespe·

113 1961 256 2015 cavebatur
275 1974 308 2008 ne
328 1959 378 2008 nisi
396 1959 429 2008 de
451 1967 528 2008 nocte
547 1960 645 2022 nuptia
683 1961 845 2010 rusOEtamss
873 1963 1036 2025 Quamquam
1047 1968 1214 2016 umeutmma-

87 2042 89 2046 ’
115 2038 218 2087 fierent.
239 2034 647 2097 Servius,lnterpresverg.Bu-
683 2038 814 2101 limquam
826 2038 928 2088 OEtoeos.
963 2037 1215 2088 Sinillomodoma·

116 2113 167 2163 col.
183 2112 216 2161 de
227 2111 351 2161 Varronis
369 2111 509 2172 sententia,
525 2108 646 2172 ‘Varro,’
683 2112 775 2172 lamus,
793 2112 865 2174 ignes
883 2119 955 2160 astra
972 2111 1031 2174 ipsa
1042 2118 1128 2173 vocat,
1145 2119 1176 2162 ut
1186 2119 1216 2163 at

116 2187 209 2254 inquit,
224 2189 233 2217 ‘
245 2187 304 2236 ideo
315 2186 381 2238 (licit
394 2187 465 2236 faces
479 2188 569 2250 praeire
582 2201 646 2248 nup·
663 2213 665 2217 Α
683 2187 784 2249 Vergil.
805 2188 813 2214 ‘
826 2186 891 2234 Nam
904 2201 989 2249 neque
998 2196 1073 2236 erant
1084 2196 1214 2240 astrorum

116 2270 167 2325 tas,
182 2263 250 2328 quod
263 2270 324 2312 ante
343 2277 395 2310 non
414 2261 462 2310 nisi
480 2262 647 2311 noctudnce·
683 2259 773 2325 ignes?
805 2261 987 2324 Bacchylides,
1004 2269 1032 2311 ut
1046 2263 1151 2326 quidam
1168 2265 1214 2315 ad·

118 2340 214 2388 bantur
230 2338 376 2403 asponsis!
408 2338 541 2402 ‘Vesper’
560 2347 646 2389 autem
684 2339 758 2388 ducit
768 2338 903 2401 Interpres
915 2338 1000 2401 Apoll.
1013 2340 1044 2389 u.
1063 2339 1090 2389 in
1110 2341 1156 2391 lib.
1167 2351 1213 2392 nt.

116 2415 224 2466 terbum
244 2430 302 2464 esso
319 2414 474 2476 Ennianum,
491 2415 648 2464 Censorinus
683 2424 786 2464 noctem
803 2412 929 2478 δᾳδοφόροι
948 2416 1073 2478 appellat,
1091 2424 1136 2465 aut
1152 2417 1214 2483 quie

117 2491 279 2542 demonstrat
289 2491 316 2539 in
328 2490 373 2539 lib.
384 2490 416 2539 de
428 2489 471 2539 die
484 2490 582 2546 Natali,
593 2491 647 2540 sive
684 2495 738 2539 tum
755 2488 852 2539 lumine
870 2491 979 2539 solemus
997 2490 1151 2549 accendere,
1168 2499 1214 2542 aut

117 2566 150 2616 de
162 2566 283 2616 Humana
291 2565 410 2628 Origine,
424 2563 464 2612 lris
475 2565 579 2629 quidem
591 2579 648 2614 uer·
684 2567 744 2629 quia
763 2581 814 2615 nox
830 2566 905 2615 terris
922 2566 1010 2615 stellas
1021 2565 1138 2616 inducit:
1155 2571 1213 2617 veri

116 2642 166 2703 bit,
182 2642 268 2691 ‘Post
278 2654 424 2703 supremam
434 2639 647 2704 diciturVesper,
684 2655 727 2690 sus
739 2640 807 2690 illius
819 2648 869 2703 est,
884 2639 973 2690 Ἑκάτα
989 2641 1117 2706 δᾳδοφόροι
1131 2641 1215 2694 νυκτὸς

117 2722 274 2765 anteortum
288 2714 549 2779 scilieetejusstellae
553 2730 646 2778 ‚quam
683 2715 861 2782 peyuaouiprov
888 2716 996 2780 σι’νρατερ.
1046 2719 1100 2768 Cirr
1126 2727 1214 2771 autem

117 2793 228 2844 Plautus
244 2792 459 2855 vesperuginem,
475 2792 647 2841 EnniusVes·
685 2794 748 2841 Eoos
759 2793 861 2857 quidam
871 2794 1003 2856 rejiciant,
1011 2807 1062 2842 non
1072 2794 1215 2846 videocnnt

118 2869 358 2934 perumJergmus
368 2868 506 2931 Hesperon
515 2868 648 2932 appellat.
686 2868 775 2930 Eurip.
787 2867 867 2925 dicat,
882 2868 953 2929 Ἐᾢος
970 2864 1032 2927 iub(
1051 2866 1150 2918 ἱππότας
1166 2866 1214 2930 1ξέ-

151 2945 304 3007 Consurgite]
320 2945 387 2994 Cum
406 2944 471 2992 hora
489 2959 555 2993 nona
574 2959 649 2995 accu·
684 2947 775 3005 λαμψεν
784 2941 869 3006 ὀπτήρ.
1208 2965 1216 2976 ·

118 3020 242 3082 buissent,
259 3019 292 3068 ad
312 3006 400 3068 horam
420 3019 500 3069 ferme
527 3020 649 3072 duodeci·
672 3014 674 3019 ’
718 3019 791 3068 suia
812 3019 886 3082 certe]
912 3019 943 3068 ln
964 3020 1138 3082 manuscripto
1160 3032 1216 3071 utto

117 3109 185 3144 mam
196 3095 344 3146 conuiuium
356 3095 541 3158 produxerant.
686 3103 740 3144 tres
752 3093 849 3144 litterae
862 3094 980 3143 videntur
996 3109 1076 3143 erasae
1088 3102 1146 3157 post
1157 3096 1215 3146 ltere

153 3172 244 3236 Vesper
262 3171 364 3234 Olympo
380 3172 528 3234 Exspectata
545 3173 587 3221 diu
607 3173 650 3221 rix
686 3171 774 3219 verba.
803 3170 919 3233 suspicor
946 3177 1031 3218 autem
1054 3168 1142 3235 fuisse,
1162 3172 1217 3222 Ett'

117 3249 213 3298 taudem
239 3247 329 3296 omina
349 3247 422 3333 tollit]
446 3247 544 3296 Eodem
568 3261 650 3311 prope
685 3245 729 3295 Sic
741 3245 809 3294 enirn
827 3252 855 3293 et
874 3245 935 3292 alibi
952 3245 1031 3308 idem,
1047 3247 1056 3275 ‘
1074 3245 1118 3294 Sic
1140 3255 1215 3297 certe

117 3322 194 3373 niodo
204 3321 365 3373 claudian
359 3336 386 3370 tn
405 3322 649 3372 HonorletMarias
687 3329 738 3382 est,
763 3323 875 3371 elarnaut
896 3321 1001 3371 victoris
1024 3328 1102 3386 rupta
1119 3323 1215 3404 miselli

118 3397 316 3462 Epithalamiost
326 3397 456 3446 Attollens
465 3397 584 3446 thalamus
592 3397 650 3447 lda
685 3397 753 3447 Ilia!

117 3473 180 3522 lium
189 3473 280 3536 jubar,
296 3472 413 3523 Dilectus
426 3475 524 3524 Veneri
536 3474 649 3524 nascitur
720 3478 750 3523 12
762 3474 878 3536 Aspicite,
888 3474 993 3537 innupte
1009 3486 1085 3524 mmm
1095 3481 1123 3525 st
1139 3475 1215 3526 audi·

119 3547 273 3611 Hesperus!
686 3555 737 3598 tuin
758 3553 891 3614 requirunt]
914 3555 963 3601 Est
983 3553 1009 3600 in
1031 3553 1215 3616 manuscriptis

150 3628 166 3674 8
183 3623 289 3686 Surgere
299 3624 466 3688 jomtempus]
483 3626 527 3675 Sic
540 3626 649 3674 multum
687 3626 795 3686 duobus,
812 3626 919 3690 Aspicite
940 3627 1044 3689 innuptae
1066 3644 1118 3690 quoe
1137 3641 1215 3682 secum

118 3708 221 3765 tempus
231 3702 377 3764 praeterisse
385 3702 576 3765 significabant.
585 3703 649 3751 Ver·
686 3708 713 3751 ut
723 3702 837 3752 mediore
845 3707 957 3764 querunt:
974 3703 1005 3751 In
1018 3703 1104 3765 tertio,
1115 3701 1216 3764 Aspiriu

118 3778 164 3842 gil.
181 3776 237 3828 ‘Et
251 3777 306 3842 jam
325 3784 427 3841 tempus
443 3792 538 3842 equum
550 3777 651 3828 fuman-
685 3778 792 3840 innupte
802 3778 1218 3840 quaenmmutmmitarequaerum.=

118 3855 159 3904 tia
169 3853 269 3903 solvere
281 3852 364 3903 oolla?
686 3852 870 3916 Emendabam,
886 3855 971 3917 Aspice
990 3869 1040 3915 qum
1057 3853 1165 3913 innupte·
1179 3865 1219 3900 ses

151 3933 168 3987 4
184 3931 244 3979 dom
255 3930 349 3978 dicetur
360 3928 515 3993 Hymeuoeus]
530 3928 650 3977 Eundem
686 3947 738 3980 eum
749 3935 775 3979 ut
786 3932 901 3980 meditata
910 3931 1047 3993 requirunt:
1060 3943 1117 3976 nam
1127 3933 1154 3976 et
1164 3926 1215 3975 siu·

118 4004 404 4054 uumerumcelebravit
415 4005 514 4066 Vergil.
531 4007 539 4032 ⁴
553 4002 602 4052 llle
613 4005 649 4052 la·
687 4007 809 4069 gulariter
826 4014 886 4056 aute
903 3997 979 4065 dixit,
996 4000 1105 4050 ‘Viden'
1118 4007 1147 4050 ut
1158 4014 1219 4065 per·-

121 4088 164 4130 tus
175 4081 281 4130 niveum-
298 4080 370 4130 molli
387 4079 468 4129 soltus
488 4077 648 4142 hyacintho?
687 4082 782 4130 niciter
794 4078 937 4129 exsiluere!
970 4077 1015 4125 Sin
1027 4077 1110 4138 ipsum
1122 4076 1217 4125 verto:

117 4157 292 4220 ctiuGeorg.
309 4155 557 4219 atestinomnium‚
574 4160 652 4219 quot·
688 4171 742 4206 rum
764 4157 879 4206 ordinem
907 4165 1062 4203 conservare
1090 4151 1217 4216 volumus,
