2752 4694
171 337 246 404 694⁴·
574 350 661 398 snus
687 351 818 401 nouam
841 353 870 401 u.

172 492 260 542 bulum
279 492 328 540 hoc
346 491 386 540 bis
404 491 430 540 in
445 490 495 540 hoc
510 491 567 555 ipso
583 491 703 542 Carmine
739 492 938 556 ebont]'l'enuem
948 494 1068 543 tinnitum
1075 493 1119 544 bic
1127 493 1174 542 aeri
1183 493 1277 544 tribuit

172 576 311 631 usurpatur
321 581 409 630 supra:
421 566 483 615 ‘Sic
494 566 569 615 nimis
578 567 704 618 insultans
741 570 871 633 Catullus3
881 578 1085 631 contre,torvum
1094 569 1226 634 quendem
1235 570 1282 621 so·'

172 649 290 693 extremo
311 649 429 705 tempore
450 655 520 690 saeva
540 643 605 691 Fors
623 643 703 693 etiem
740 659 800 695 num
811 647 911 697 Statius
922 647 1148 710 Papinius,‘'l'um
1161 646 1277 708 plurime

172 719 268 768 nostris
288 716 381 766 invidit
399 715 531 780 questibus
550 717 651 767 eurest‘
667 718 704 767 ln·
741 720 835 784 buxus,
851 723 962 787 AEreque
979 722 1095 772 taurinos
1106 722 1202 771 ‘sonitu
1219 722 1281 771 vin-¹

171 791 223 842 fre:
234 793 318 843 ‘Nam
331 792 436 841 simulac
447 791 523 841 fessis
535 792 638 842 dederit
648 792 703 844 fors
740 799 828 847 centia
840 798 951 861 pulsus?
967 797 1034 862 quod
1055 797 1160 845 videtur
1178 796 1275 847 dixisse

172 869 273 931 copiam
286 865 390 929 Achivis
398 866 414 917 :'
431 867 524 917 Manli.
541 868 585 918 lib.
598 883 618 918 1.
635 869 643 896 ⁶
656 867 703 919 At·
740 872 774 922 ad
791 873 961 923 imitationem
973 873 1097 937 AEschyli,
1114 871 1159 937 qui
1174 872 1276 924 descri-

172 958 222 1008 que
242 944 326 1008 ipsum
348 956 403 992 esse
430 943 527 1003 Deum,
556 944 703 994 necForte
740 946 804 997 bens
816 949 935 1012 Cotyttie
946 949 1016 1013 apud
1026 950 1114 999 Streb.
1132 949 1170 999 ita
1190 949 1275 1012 cauit,

171 1018 256 1071 coisse
268 1017 410 1083 magistra!
443 1018 482 1069 Ut
493 1024 579 1069 entem
596 1021 644 1070 boc
661 1035 703 1069 ve·
739 1021 912 1087 revpdptmos
930 1025 952 1074 δ’
968 1023 1142 1085 uziparensi
1160 1025 1274 1087 ποθενέε

170 1096 211 1145 lut
223 1097 248 1143 dv
257 1093 365 1160 παρέργῳ
374 1092 472 1156 dicem,
488 1095 610 1144 Manilius
622 1097 647 1145 in
658 1097 703 1146 illo
740 1099 1026 1165 dpwoisdodepolpinou
1059 1101 1170 1151 Hincet
1183 1101 1275 1150 estut:

170 1184 249 1222 versu
261 1173 305 1237 qui
314 1172 401 1236 paullo
414 1179 473 1235 post
482 1172 608 1236 sequitur,
623 1173 703 1223 ‘Non
739 1175 781 1224 lus
791 1191 880 1240 supra,
897 1177 968 1226 ‘Ubi
979 1184 1132 1241 tympanum
1145 1177 1273 1241 remugit:

172 1246 237 1315 opus
255 1250 399 1313 estmagni
418 1264 503 1311 cesus,
520 1250 566 1299 sed
584 1251 702 1301 Numinis
740 1249 819 1299 Multi
846 1251 988 1301 raucisonis
1016 1249 1141 1301 efflabant
1174 1266 1275 1301 coruue

172 1325 254 1388 ordo,'
264 1327 408 1389 respexisse
421 1325 525 1374 videtur
536 1326 569 1375 ed
581 1328 638 1377 hnc
648 1327 703 1378 Cic.
740 1324 858 1375 bombis!
878 1327 1013 1378 Quomodo
1020 1341 1117 1376 cornua
1125 1325 1209 1376 affieri
1217 1339 1275 1390 pos·

170 1401 252 1450 serbe
273 1400 306 1449 de
329 1401 394 1450 Nat.
417 1401 496 1450 Deor.
520 1400 565 1450 lib.
584 1415 605 1450 1.
630 1402 702 1452 ‘Sed
738 1402 800 1459 sint,
819 1403 965 1453 nouvideo.
998 1405 1169 1468 Legoiteqne
1181 1403 1189 1431 ‘
1202 1403 1274 1452 iniia-

172 1474 259 1524 t'ameu
280 1474 337 1539 quis
359 1475 407 1523 iste
425 1480 513 1523 tantus
532 1490 617 1537 cesus,
634 1475 703 1526 uude
740 1477 804 1527 baut
814 1493 913 1528 corune
921 1479 1041 1529 bombisr'
1052 1479 1120 1544 qnod
1130 1479 1213 1529 simile
1223 1479 1275 1528 erit

172 1558 226 1599 tem
234 1548 299 1598 felix
307 1551 616 1601 concursusstomorum?'
626 1552 701 1606 Quod
740 1554 778 1603 illi
787 1555 899 1604 Neronis
907 1557 976 1619 npnd
985 1557 1061 1605 Pers.
1071 1557 1125 1605 Sat.
1133 1570 1153 1605 1.
1170 1557 1274 1606 ‘'l'orra

171 1626 311 1695 eo'monui,
322 1641 355 1675 ne
366 1627 423 1692 quis
435 1627 546 1678 accedet
558 1629 612 1678 viro
624 1628 703 1678 docto
740 1628 913 1679 Mimalloneis
931 1630 1071 1693 implerunt
1086 1644 1183 1680 coruue
1201 1629 1274 1680 boin·

172 1701 313 1766 ambigenti
323 1703 356 1752 de
368 1703 425 1766 ejus
436 1704 485 1753 loci
505 1704 641 1753 Menilieni
651 1703 704 1754 lec·
740 1703 799 1754 bis!
822 1706 872 1754 Vel
883 1705 942 1754 hinc
949 1704 1077 1768 judicium
1085 1704 1170 1754 Persii
1182 1704 1280 1755 videet·

171 1778 259 1839 tione3
277 1786 359 1853 utque
369 1793 461 1842 magno
476 1779 525 1842 illi,
538 1779 590 1828 imo
608 1779 703 1829 doctis·
740 1793 771 1830 ec
787 1780 871 1830 rideet
891 1783 984 1842 lector,
997 1783 1052 1846 ‘qui
1072 1781 1141 1830 inter
1159 1787 1273 1832 ceteros

171 1854 293 1904 simorum
308 1855 421 1904 maximo
436 1856 492 1907 Jos.
511 1857 646 1920 Scaligero
658 1872 704 1922 po·
740 1868 798 1904 cnm
810 1869 911 1906 versum
923 1857 956 1905 de
967 1857 1071 1907 catullo
1089 1855 1272 1907 adumbratum

170 1928 223 1978 tius
243 1929 375 1980 edlraereet
391 1931 532 1994 ‘maguum
549 1931 651 1981 cesum'
669 1947 703 1981 ex
740 1931 908 1981 etmeliorem
916 1932 968 1983 suis
976 1933 1047 1982 velut
1055 1931 1182 1981 tumidum
1191 1925 1273 1998 etque

169 2005 358 2071 Epicureorum
368 2008 499 2057 sententie
509 2007 704 2070 interpretanti,
740 2006 868 2057 elumbem
881 2007 1064 2070 reprehendat.
1091 2035 1094 2038 ι
1276 2013 1279 2019 “

170 2095 206 2131 ex
216 2088 323 2145 qnorum
335 2097 379 2132 ore
391 2083 511 2133 crebrum
523 2089 582 2132 eret
593 2081 703 2148 ripaursa
772 2086 820 2132 utu
837 2083 978 2146 Leniterque
995 2087 1080 2132 mont
1094 2083 1211 2146 pungere
1231 2098 1272 2132 cn·

170 2154 249 2222 rim:
267 2159 294 2208 iu
303 2175 354 2224 quo
366 2161 422 2224 ipso
431 2158 537 2209 linxisse
547 2161 703 2211 crediderim
740 2156 832 2220 mnne]
843 2158 929 2220 Megia
940 2172 1059 2208 censeam
1070 2157 1129 2206 huic
1139 2158 1199 2207 loco
1211 2169 1278 2207 coni

169 2234 312 2299 Epitheton
319 2235 383 2284 illud
392 2237 513 2285 Fortunae
521 2236 616 2285 Plauto
624 2242 703 2301 etque
741 2233 827 2282 venire
846 2236 962 2296 clangore.
995 2233 1110 2296 Pieugor
1127 2228 1197 2282 euim
1214 2232 1273 2282 fere

171 2302 255 2361 Ennio
275 2312 407 2374 usitatum,
426 2311 434 2339 ‘
453 2311 546 2360 Here!
578 2311 630 2360 Sed
641 2325 703 2375 quo·
739 2308 766 2356 iu
795 2311 868 2358 luctu
896 2309 1016 2373 usurpari
1037 2307 1145 2368 solitus,
1170 2313 1279 2372 contre,

170 2386 240 2436 niem
258 2393 308 2436 nos
333 2387 438 2436 fortune
456 2386 545 2436 Plenti
563 2387 589 2435 in
607 2401 703 2436 memo·
740 2383 1280 2448 ‘bileremcleugorem’gruibusStetius3·

170 2461 235 2511 riam
247 2462 360 2522 induxit,
368 2469 505 2526 postquam
516 2458 593 2512 semel
601 2463 703 2512 exorbi-
741 2459 749 2488 ⁶
767 2458 887 2509 blandum
909 2461 1070 2522 clengorern'
1086 2460 1207 2510 Phoenici
1226 2460 1274 2510 tri·

170 2538 371 2600 tare-coepimus,
379 2538 411 2587 de
419 2539 469 2586 lrac
479 2537 536 2600 ipse
545 2538 703 2601 Deeponem
741 2531 798 2603 buit
809 2535 975 2585 Claudianus.
992 2536 1043 2585 Sed
1055 2537 1117 2600 quid
1129 2537 1273 2587 tricnmnr?

169 2610 316 2675 elegantem
329 2614 386 2676 ejus
398 2614 481 2662 locum
495 2612 637 2675 Captivis,‘
648 2612 702 2662 liu.
740 2609 803 2659 setis
815 2625 864 2673 pro
877 2625 918 2659 me
927 2611 1077 2673 probaverit
1088 2612 1136 2661 hoc
1144 2611 1274 2676 quicquid

169 2685 634 2752 Perlubethuucbominemcolloqui.
656 2689 703 2736 Er·
740 2691 781 2733 est
798 2686 956 2749 conjecturae
976 2683 1065 2735 Attius
1082 2693 1159 2735 vetus
1183 2687 1273 2737 Poeta

168 2767 258 2829 pesile.
275 2769 326 2817 Eu.
343 2765 484 2829 Ergasilum
493 2764 537 2829 qui
545 2764 636 2813 vocet?
648 2763 703 2812 Hs.
740 2760 765 2808 in
778 2761 906 2822 Phinidis,
918 2761 974 2810 ‘Ac
985 2761 1028 2811 ubi
1040 2777 1119 2811 curvo
1130 2761 1223 2812 littore
1234 2764 1273 2813 la·
1287 2774 1293 2782 ’

169 2843 292 2907 Respice.
310 2844 360 2891 Ex.
378 2843 493 2890 Fortuna
504 2840 573 2904 quod
593 2838 639 2888 tibi
652 2853 701 2888 nec
740 2843 811 2886 treus
821 2836 899 2885 Unda
910 2837 958 2884 sub
975 2837 1050 2885 randis
1061 2836 1172 2886 lebuude
1190 2838 1277 2900 sonit,·

169 2917 395 2970 fecietueciecit.
419 2918 478 2966 Hoc
490 2932 531 2966 me
537 2916 635 2980 jubes.'
657 2915 701 2964 Ad
738 2911 819 2961 Simul
839 2918 867 2960 et
889 2912 985 2961 circum
1010 2913 1097 2977 magui
1117 2913 1272 2962 sonantibus

169 2995 312 3045 Fortunam
331 2999 503 3057 cognomento
528 2992 700 3054 ‘Respicien-
739 2988 835 3037 Excite
853 2988 922 3036 saxis
939 3003 1007 3037 saeva
1025 2986 1140 3037 sonando
1159 2987 1273 3052 Crepitu

169 3070 238 3120 tem'
254 3078 403 3134 respectum
425 3073 579 3117 monuerunt
592 3067 701 3131 jenrpri·
738 3063 875 3126 clangente
894 3063 1058 3112 cachinnat:'
1091 3062 1278 3112 uersantem

169 3147 230 3197 dem
242 3148 289 3196 viri
306 3146 391 3196 docti:
408 3144 471 3193 illud
490 3158 542 3192 non
560 3143 631 3205 item,
643 3156 700 3191 sen·
739 3136 799 3185 dum
819 3137 888 3186 forte
899 3152 988 3185 versus
999 3152 1100 3199 caussa,
1116 3137 1203 3186 ‘Cum
1215 3153 1273 3188 cre·

168 3221 261 3273 teutiae
274 3221 331 3285 ejus
343 3233 449 3269 acumen
469 3217 551 3267 videri
562 3217 595 3265 nb
607 3217 698 3280 Eurip.
738 3212 795 3275 pitu
805 3213 943 3274 clangente
954 3213 1108 3261 cachinnet.'
1135 3214 1169 3261 Et
1181 3218 1272 3265 temen

168 3302 291 3356 sumtum,
314 3297 357 3358 qui
381 3293 484 3356 argutia
509 3291 578 3340 baud
602 3291 699 3355 dispari
737 3302 771 3337 ne
783 3288 844 3353 quid
857 3288 1025 3351 dissimulem,
1036 3288 1154 3338 Lucanum
1164 3303 1271 3356 quoqne

123 3373 128 3381 '
169 3369 236 3420 dixit
246 3371 272 3418 in
284 3369 434 3424 Phoenissis,
451 3368 545 3429 Μεῖνον,
555 3364 581 3414 ri
590 3364 698 3428 φεύγειςς
737 3362 814 3426 dixit,
829 3363 969 3426 ‘planctus
988 3363 1062 3412 illisae
1081 3364 1202 3414 cautibus
1222 3378 1275 3416 uni

168 3452 195 3495 τ.
211 3443 227 3504 ἡ
243 3442 308 3506 τύχη
325 3446 357 3507 0³,
372 3443 429 3492 &xx
449 3443 491 3492 obn
509 3443 565 3504 tyn.
598 3443 698 3492 Eadem
736 3437 777 3486 de
786 3436 803 3486 :’
819 3438 883 3486 item
896 3437 997 3486 Seneca
1007 3436 1211 3501 Agamemnone,
1223 3443 1276 3492 ubi

169 3520 305 3583 utriusque
327 3534 399 3569 mens
423 3520 445 3567 si
466 3518 588 3580 attendis,
614 3533 697 3583 neque
735 3513 769 3561 δᾶ
787 3513 855 3571 hunc
874 3513 970 3562 catulli
993 3513 1077 3562 locum
1097 3515 1165 3564 bend
1187 3516 1276 3568 dubie·

168 3597 339 3662 praetervolas
352 3597 420 3658 baec,
436 3602 466 3645 ut
485 3595 579 3644 ‘Levis
595 3595 698 3659 tippula
735 3590 861 3652 respexit,
887 3588 896 3616 ‘
917 3589 980 3638 licet
1001 3590 1151 3655 Halcyones
1179 3593 1274 3659 Ceyca

167 3674 258 3724 linifici
282 3672 392 3736 frigidos
409 3672 502 3723 transit
520 3669 610 3721 lacus!
643 3669 695 3719 Sed
735 3678 807 3713 suum
829 3663 911 3713 fluctu
934 3665 1029 3714 leviter
1056 3666 1204 3731 Plangente
1226 3685 1271 3721 so.

164 3750 220 3815 jam
231 3751 263 3800 ad
276 3764 339 3800 rens.
735 3746 798 3788 nent
806 3740 824 3799 ;’
835 3739 948 3803 quemvis
958 3740 995 3788 ibi
1006 3742 1057 3789 alie
1065 3742 1187 3804 planctus
1199 3747 1271 3797 ratio

199 3830 249 3875 262
259 3824 409 3886 Plengebcnt
419 3821 464 3872 olii
471 3821 576 3885 proceris
585 3824 697 3883 tympano
735 3821 844 3879 propter
855 3813 1000 3877 Alcyonum
1011 3818 1140 3879 querelas.

163 3900 264 3964 panib]
276 3901 325 3950 His
337 3906 366 3949 et
375 3897 541 3964 sequentibus
550 3895 641 3944 similia
651 3894 697 3943 ille
766 3895 813 3941 291
832 3891 950 3940 Nereine
966 3892 1060 3939 nutanti
1077 3893 1175 3954 plotone
1191 3896 1270 3947 bato.

164 3972 272 4032 Lucret.
288 3976 296 4004 ‘
307 3976 440 4038 'lympnas
457 3979 531 4022 teuta
542 3974 633 4019 tonent
641 3969 696 4032 pal·
733 3981 778 4030 pne
786 3980 866 4016 sorore
877 3965 1007 4014 Flnnannti
1017 3965 1176 4016 Pieitbontis
1190 3975 1216 4020 et
1227 3972 1274 4021 ei:

167 4051 225 4115 mis,
248 4056 276 4100 et
301 4049 422 4111 cymbala
442 4048 541 4097 circum
563 4045 695 4106 Concava,
733 4043 772 4092 rin
788 4041 910 4106 mprnse]
930 4043 994 4090 Tres
1016 4040 1062 4090 bes
1080 4041 1189 4093 arbores
1207 4059 1269 4096 con.

166 4125 490 4191 raucisonoqueminentur
497 4135 594 4172 cernue
601 4121 696 4169 centu!
729 4117 820 4181 junxit
833 4117 912 4166 etiem
922 4114 1078 4164 Theocritus
1089 4116 1115 4164 in
1128 4118 1274 4173 Dioscuris‘

200 4207 249 4253 tos
265 4201 317 4253 Aut
324 4200 389 4251 terei
398 4203 482 4250 teretes
489 4197 591 4248 turdus
599 4208 648 4247 cre
660 4197 694 4246 ce·-
732 4205 785 4242 nno
794 4204 893 4256 sersus,
899 4187 983 4239 neixsl
988 4196 1018 4240 re
1027 4188 1146 4243 exirem
1153 4193 1268 4246 resciis-
