2752 4694
178 298 244 364 (iao
429 311 556 361 annm.
579 310 705 360 sanari
729 311 1030 362 oouuouranros

182 456 292 505 ‘Solane
320 459 449 517 perpetua
467 467 580 501 moerens
599 466 709 515 carpere
744 466 795 516 que
811 452 935 515 gentium,
951 467 1015 516 quas
1034 451 1113 516 prisci
1134 454 1276 519 loquuntur

178 530 289 594 juventa
297 528 314 576 ?'
330 535 358 578 et
369 527 490 577 0vid.de
502 527 609 576 Remed.
620 526 709 577 Amor.
743 530 848 576 annales
858 528 875 577 :’
891 535 919 577 ct
930 527 1030 578 Auctor
1039 529 1152 577 incertus
1168 530 1194 577 in
1212 531 1278 592 ciri,

182 608 240 654 728.
269 605 313 652 ‘Si
334 611 409 666 potes
433 608 462 652 et
487 618 560 653 ceras
589 618 709 653 remove:
744 602 895 651 ‘AEternum
915 603 1019 665 Sopniae
1036 603 1202 665 conjunctum
1221 619 1279 654 car·

183 679 245 742 quid
264 679 375 741 imagine
396 685 468 727 muta
488 679 631 741 carparis?
660 679 709 727 hoc
745 678 814 727 mine
825 692 920 734 nomeu
931 679 1030 727 Nostra
1040 685 1112 727 tuum
1123 679 1227 728 senibus
1239 681 1278 729 lo-

183 754 262 816 periit
273 754 413 802 Laodamia
424 753 500 803 modo
511 752 528 801 ι’
543 753 616 802 etde
631 753 710 802 Trist.
747 763 869 821 queretur
887 758 983 819 pagina
1002 757 1093 808 sectis:
1133 759 1278 809 ‘Senibus'

183 831 228 880 lib.
238 832 295 879 rv.‘
308 831 426 895 Quaeque
437 845 501 879 mere
512 843 616 892 semper
624 828 711 891 placo·
747 837 834 881 autem
851 831 969 893 ‘seclia'
988 833 1025 881 sic
1033 832 1101 880 dixit
1118 838 1145 882 et
1156 835 1278 883 Catullus

182 913 260 955 erunt
270 907 323 955 otia
332 908 424 969 menti,
440 907 564 968 Carpere,
580 912 610 953 et
621 905 647 952 iu
658 911 711 954 stn-
748 907 820 968 alibi,
830 907 838 933 ‘
848 907 920 955 Cana
931 906 1050 955 saecula:'
1062 914 1091 955 et
1101 907 1238 957 claudian.
1249 909 1278 958 in

184 983 232 1032 diis
244 984 355 1033 molliter
365 997 420 1032 esse
431 981 511 1031 meis!
542 981 641 1031 Eodem
658 997 711 1031 mo·
747 979 1280 1037 laudeSerenaerrxorisStilliconis,‘An·

183 1059 217 1108 ‹lo
235 1066 339 1108 atatem
357 1059 453 1120 degere
469 1058 590 1107 dicimus:
608 1064 650 1106 est
668 1071 712 1106 au-
747 1054 832 1117 tiquos
843 1055 958 1118 loquitur
974 1056 1107 1103 Musarum
1125 1057 1220 1118 pagina
1239 1071 1282 1105 re·

184 1140 238 1184 tem
258 1135 363 1197 degere,
380 1133 513 1182 minnere:
532 1139 623 1182 auctor
642 1132 712 1181 Noa.
749 1128 812 1192 ges!
864 1129 1001 1192 Phiiippus
1028 1130 1054 1178 in
1080 1132 1281 1193 Epigrammata

184 1209 303 1258 Marcell.
749 1203 851 1252 chartas
878 1219 941 1253 anus
964 1204 1054 1253 eodem
1075 1206 1152 1254 modo
1172 1206 1280 1255 videtur

217 1285 392 1333 adllatorum
413 1299 426 1332 e
447 1283 528 1332 mauis
548 1283 652 1346 coponio]
680 1282 712 1332 ln
750 1277 890 1340 dicere,¹ll
905 1296 964 1326 ποτε
983 1276 1106 1328 Maioriano
1123 1279 1185 1335 aaut
1200 1279 1282 1342 astos,

185 1375 277 1422 capsas
302 1360 380 1408 libros
400 1360 576 1408 includebant.
621 1359 713 1406 Horat
749 1353 1279 1419 obmu‘opipooilbdnyqpabtovirprdoerm

172 1448 206 1482 ·1.
218 1436 300 1483 serm.
316 1435 426 1482 ‘beatos
438 1435 561 1496 Fannius,
580 1434 648 1482 ultra
658 1434 713 1483 De·
750 1429 858 1479 cunas.

186 1511 246 1559 latis
256 1510 340 1573 capsis
352 1515 380 1558 et
391 1509 520 1573 imagine!
782 1514 814 1559 47
834 1509 948 1557 Omnibus
959 1510 1028 1572 inque
1039 1509 1108 1571 locis]
1123 1509 1179 1558 'Hic
1191 1524 1284 1560 sersus

181 1622 184 1627 -
219 1590 250 1635 37
270 1587 400 1642 Quodcum
416 1585 507 1647 iterii,
525 1587 599 1642 nolim
614 1590 715 1646 nutans,
750 1584 1109 1647 iumanuscriptisnonerat:
1128 1583 1284 1632 etinomni·

186 1661 613 1724 memerstsmoiignaldsocere]1u
628 1676 715 1708 manu·
751 1660 800 1708 bus
827 1666 926 1709 tantum
955 1659 1032 1723 spatii
1059 1659 1186 1722 reliquum
1213 1668 1285 1720 erat,

186 1736 715 1799 seriptisomnibus,noume‚seduor.Mo·
752 1742 876 1797 quantum
895 1735 940 1782 uni
958 1735 1045 1783 verstri
1067 1733 1195 1797 capiendo
1219 1736 1285 1784 satis

186 1811 252 1870 ἅμα
263 1814 349 1869 mente,
366 1824 455 1872 parum
474 1809 587 1859 liberali.
752 1814 829 1857 esset.
864 1809 949 1873 Atque
969 1810 993 1857 in
1012 1824 1064 1858 rino
1082 1817 1232 1859 annotatum
1246 1811 1282 1858 .in

219 1889 252 1933 39
272 1884 491 1947 Utriusquepetiti]
506 1886 550 1933 Sic
566 1886 573 1911 ‘
587 1884 714 1948 petitum’
752 1885 877 1946 margine,
893 1884 1059 1933 ‘Deficiebat
1071 1886 1120 1934 linc
1131 1900 1235 1934 carmen
1254 1886 1284 1934 iu

189 1959 295 2019 dicitnr,
307 1966 336 2007 ut
349 1968 376 2008 et
393 1961 526 2021 ‘datum3’
540 1960 573 2010 de
584 1977 634 2025 quo
646 1969 714 2022 post.
753 1961 889 2023 exemplo;
907 1961 995 2024 itaque
1016 1963 1163 2026 quicunque
1184 1963 1285 2026 legitur

188 2033 241 2082 Sed
253 2032 372 2095 quoniam
380 2033 407 2081 in
418 2034 599 2097 manuscriptis
608 2035 716 2082 nonnul·
753 2050 841 2084 versus
851 2037 901 2085 lroc
912 2037 979 2098 loco,
989 2037 1081 2085 uotiuis
1094 2037 1114 2084 is
1126 2037 1185 2086 est.'

186 2109 229 2168 lis,
238 2110 339 2170 potenti,
350 2109 376 2157 in
387 2109 443 2158 aliis
452 2112 541 2170 potami
550 2110 657 2172 legitur,
668 2110 716 2158 hoc
784 2115 817 2160 48
835 2113 991 2174 Notescntque
1001 2114 1076 2172 magu
1094 2120 1201 2162 mortam
1212 2118 1284 2176 utque

188 2185 351 2235 retinendum
363 2200 463 2236 censeo.
752 2187 840 2249 magis]
866 2188 964 2236 Eodem
977 2179 1054 2235 verbo
1065 2194 1142 2251 atque
1153 2188 1243 2236 eadem
1256 2190 1285 2239 in

220 2266 253 2310 40
273 2262 342 2310 Ultro
352 2276 395 2322 ego
405 2261 532 2324 deferrem]
552 2263 651 2311 Eodem
662 2277 716 2311 mo·
751 2263 881 2313 sententia
896 2255 1021 2325 Propert.
1038 2263 1082 2310 tib.
1092 2276 1123 2311 rr.
1140 2263 1220 2313 ‘Nec
1237 2266 1287 2314 mi·

189 2337 223 2386 do
235 2337 289 2386 Cic.
307 2337 421 2400 loquitor
440 2339 525 2400 Epist.
538 2339 609 2387 Fam.
620 2338 665 2388 lib.
677 2353 715 2388 iv.
752 2354 801 2388 uns
810 2339 866 2388 lraec
878 2339 960 2388 nostri
972 2345 1090 2388 notescat
1109 2337 1177 2387 fama
1195 2343 1284 2404 sepul-

188 2413 196 2439 ‘
209 2412 336 2462 Necmihi
347 2413 486 2476 quidquam
498 2416 544 2463 tali
561 2422 677 2477 tempore
689 2416 716 2463 in
754 2413 826 2464 chri?

189 2493 301 2536 mentem
313 2488 384 2535 venit
394 2494 496 2550 optare,
508 2488 577 2551 quod
588 2503 638 2536 non
649 2490 717 2539 ultro
787 2495 818 2538 5⁰
835 2491 936 2540 Deserto
946 2490 973 2538 in
985 2490 1057 2538 Molli
1066 2491 1157 2539 nomine
1168 2506 1228 2554 opas
1241 2491 1285 2550 so·

190 2561 252 2610 milri
269 2563 356 2609 Caesar
375 2562 522 2612 detulerit?
539 2571 568 2612 et
587 2565 632 2614 lib.
654 2578 716 2615 xru.
754 2565 813 2627 cini]
830 2566 957 2614 Omnibus
969 2566 995 2613 in
1004 2566 1195 2628 manuscriptis,
1207 2567 1238 2615 Iu
1248 2568 1288 2615 di·

189 2637 283 2686 ‘Ultro
302 2644 329 2683 te
350 2636 381 2684 ad
393 2651 434 2683 me
453 2635 575 2686 detulisse
593 2640 690 2700 putabo
701 2640 718 2688 :'
754 2645 816 2688 serto
827 2641 860 2687 oli
870 2641 977 2689 omnine:
994 2641 1080 2703 itaque
1091 2641 1227 2702 legendum
1238 2656 1287 2705 pu·

191 2711 280 2759 Livius
290 2724 391 2774 quoque
400 2710 446 2759 lib.
458 2724 502 2760 ru.
517 2713 600 2762 ‘Quae
617 2714 718 2762 consilii
756 2720 794 2774 to,
811 2715 841 2762 Ia
851 2717 942 2762 deserto
953 2715 1008 2763 otiis
1017 2715 1270 2778 aomineopusfociot.

190 2785 305 2848 fuerunt,
325 2787 391 2835 adeo
412 2801 487 2850 aequa
506 2788 670 2852 postulastis,
689 2797 719 2839 ut
788 2794 819 2838 ⁵1
837 2790 936 2851 Duplex
945 2789 1113 2852 Amotimntia]
1131 2791 1287 2854 Amathusia,

189 2862 258 2912 ultro
271 2862 343 2911 vobis
353 2861 494 2912 deferenda
506 2862 621 2914 fuerint!
757 2863 784 2912 in
793 2864 991 2926 manuscriptis.

223 2944 256 2989 44
274 2939 396 2988 Illiuslmc
406 2953 467 2987 cerco
482 2944 549 2988 nocie
563 2943 630 3000 tegni
645 2941 721 2988 studi·
789 2942 821 2986 52
842 2939 873 2986 Et
891 2939 918 2986 iu
934 2953 978 3000 quo
999 2954 1036 2987 me
1052 2940 1168 2990 commorit
1185 2944 1286 3007 genere]

191 3016 242 3079 um]
257 3016 300 3066 Sic
312 3015 407 3064 Horat.
426 3029 466 3064 av.
483 3015 535 3065 Od.
549 3018 557 3043 ‘
569 3015 721 3065 Sedamnos
757 3015 801 3064 Sic
813 3014 889 3062 etiam
900 3021 958 3062 erat
966 3014 1082 3062 omuibus
1094 3015 1120 3062 in
1129 3019 1290 3080 manuscrip-

192 3091 398 3155 inlacrymabiles
426 3091 568 3152 Urgentur,
588 3090 720 3155 ignotique
758 3089 809 3151 tis3
825 3095 870 3138 aut
888 3087 967 3151 igitur
983 3089 1032 3138 hoc
1051 3090 1222 3154 retinendum,
1241 3101 1290 3143 aut

192 3169 270 3231 longa
293 3169 389 3232 Nocte,
410 3175 502 3217 carent
524 3168 585 3233 quia
603 3175 664 3218 vate
682 3183 721 3218 sa·
758 3163 909 3213 mutandum
921 3162 1031 3212 fortasse
1049 3165 1141 3214 leviter
1152 3167 1199 3229 sic,
1216 3170 1250 3217 Et
1261 3171 1290 3218 iu

192 3243 256 3292 cro!
628 3279 634 3291 .
759 3255 802 3304 quo
813 3241 846 3288 mi
861 3239 978 3288 corruerit
993 3254 1088 3300 genere.
1101 3278 1104 3284 .
1120 3242 1158 3290 Ut
1176 3249 1222 3292 aut
1240 3246 1290 3293 Ca·

225 3323 259 3367 io
277 3321 311 3367 Et
331 3319 418 3379 facita
440 3320 489 3367 lroec
509 3319 593 3369 oborto
613 3320 722 3381 loquutur
759 3316 825 3365 tullo
837 3311 975 3377 corruerit,
995 3323 1039 3364 aut
1049 3317 1137 3364 Venus
1147 3317 1233 3378 ipsum
1248 3333 1292 3378 ru·

194 3393 265 3454 onas]
288 3395 319 3442 In
336 3395 519 3456 manuscriptis
531 3395 660 3456 omnibus,
671 3409 721 3444 aon
759 3391 825 3440 erit:
845 3391 928 3438 active
945 3391 1013 3438 enim
1030 3391 1108 3439 etiam
1124 3392 1212 3441 Plaut.
1232 3395 1288 3456 upi-

194 3469 286 3528 cismo,
302 3469 348 3516 sed
367 3475 440 3516 certo.
473 3469 505 3516 ln
526 3467 617 3519 lllaffei
636 3477 722 3519 tamen
759 3480 817 3525 nor,
833 3464 891 3513 ‘lbi
902 3479 943 3513 me
961 3480 1082 3514 corruere
1102 3480 1177 3528 posse
1200 3469 1288 3519 aiebas

194 3544 261 3592 libro
279 3557 357 3605 supra
376 3543 498 3604 positum,
534 3545 600 3592 ‘vel
623 3544 722 3595 obortu!
760 3540 891 3589 divitiasz’
915 3547 943 3590 et
963 3542 1062 3605 Vergil.
1097 3544 1287 3609 ‘cumulosque
1327 3606 1329 3610 Ι

193 3620 222 3670 Si
240 3625 303 3668 certo
329 3618 479 3678 retinemus,
505 3619 723 3683 interpretemur;
760 3617 813 3666 ruit
824 3617 891 3665 male
902 3617 1004 3680 pinguis
1015 3619 1135 3670 harenae!
1163 3622 1292 3672 Similiter

196 3696 269 3744 Anus
280 3693 361 3742 docta
371 3693 481 3754 posteris
493 3700 583 3742 narret
601 3695 642 3742 vel
662 3709 724 3757 cero,
762 3692 887 3740 Laberius
909 3692 934 3739 io
958 3693 1075 3757 Virgine,
1105 3703 1134 3743 ut
1155 3703 1196 3746 est
1217 3698 1290 3758 apud

196 3777 226 3820 ut
245 3776 347 3818 ceratas
369 3766 470 3816 tabulas
492 3768 675 3832 intelligamus,
697 3770 723 3818 in
763 3769 832 3818 Non.
842 3769 962 3818 Marcell.
972 3769 999 3817 in
1008 3770 1087 3818 verbo
1098 3771 1105 3796 ‘
1115 3771 1223 3834 Pelris‚’
1235 3775 1243 3802 ⁴
1254 3773 1291 3823 Α-

197 3844 289 3912 quibus
302 3843 465 3893 scribebant:
476 3844 564 3906 itaque
575 3844 636 3892 nihil
649 3845 726 3894 adtir·
761 3858 832 3892 more
843 3843 928 3892 cecidi
947 3852 1070 3908 tanquam
1089 3845 1174 3895 blatta
1189 3847 1215 3895 in
1235 3851 1291 3911 pel-

192 3937 246 3974 ,mo.
270 3921 352 3985 Loqui
363 3919 479 3980 annales,
489 3919 557 3967 dixit
568 3927 595 3967 et
607 3919 724 3970 illacrob.
761 3917 832 3967 rim!
865 3919 896 3967 ln
918 3920 1009 3968 eodem
1028 3935 1125 3982 genere
1149 3920 1236 3984 Apoll.
1257 3924 1292 3975 ll.

196 3999 301 4050 saturn.
313 4010 356 4047 ιιι.
368 3996 434 4046 ‘Sed
445 4002 473 4044 et
484 3995 724 4058 mirttusexercims,
761 3992 806 4044 lib.
817 4007 860 4044 ru.
877 3993 918 4042 Ἐκ
929 3993 949 4043 d’
961 3993 1006 4058 tipo
1016 3994 1038 4043 ol
1046 3993 1125 4059 κραδίη
1136 3995 1240 4055 mitram
1249 3997 1292 4046 πέ-

196 4072 461 4135 oppidaquehostiom
471 4072 615 4130 Gallorum,
629 4071 724 4134 Hispa·
761 4086 812 4120 oea.
840 4070 949 4133 Optima
961 4079 1046 4120 tamen
1057 4079 1085 4130 et
1097 4072 1230 4122 verissima
1240 4075 1293 4124 lec·

196 4146 724 4211 norum,Afrorum,·Maurorum,aliarum·
762 4147 799 4198 tio
817 4146 930 4208 videtur,
946 4147 1071 4209 torruerit,
1087 4161 1140 4198 non
1159 4150 1291 4198 comiserit:
