2752 4694
421 307 461 355 rrr
486 305 651 356 carnum
677 309 833 356 cannen
861 312 940 360 uxr.
1166 298 1230 365 577

134 462 217 499 senex
237 449 318 500 amori
331 464 403 501 arrna
412 451 519 502 feretrio
527 455 543 502 ε’
558 459 587 502 et
600 450 666 513 illos,
699 464 773 501 musa
784 454 1118 520 genitumlegltcytlrerer,
1127 457 1234 508 ducem·

132 525 143 595 ⁴.
153 525 283 588 Purpura
294 527 374 590 legali
389 541 464 577 senaa
481 527 557 578 Intus
569 528 610 578 hic
621 528 665 579 obi
700 542 750 592 que
772 527 896 581 Praet'eclt
918 530 1053 580 thalamis!
1096 533 1232 599 Interpres

134 601 264 651 consitum
279 602 340 652 eat!
374 603 490 654 Prlmnm
507 604 601 669 pedem
612 618 666 654 mo·
699 617 761 654 vero
772 603 904 668 Apollonii
914 607 994 656 Erato
1013 608 1115 658 Mosam
1135 610 1161 659 ln
1179 612 1235 675 pri·

131 674 215 725 lrilent
233 676 391 739 significans,
409 692 440 728 ac
459 678 558 728 varium
575 680 601 728 lu
617 680 667 740 his,
700 678 758 741 mis,
768 687 869 747 ceteras
888 680 982 730 deiude
1001 684 1149 746 nuptiarum
1165 700 1232 749 prae·

134 755 166 800 nt
184 757 226 802 est
244 752 322 802 etiam
343 754 369 802 in
381 755 478 804 Catulli
493 755 621 816 versibus,
638 764 667 806 et
700 754 918 819 sldassignllicat,
929 757 1057 821 principio
1069 759 1234 812 Commenta·

133 828 163 877 iu
187 830 315 892 exemplis
336 831 404 893 apud
426 831 561 896 Hephaest.
584 832 667 895 addit,
700 831 798 879 tionum
810 828 1064 894 Argonauclirmu.

133 904 246 969 ‘thue
262 913 303 955 est
322 905 424 955 mobilis
435 907 476 957 bio
491 908 562 957 loeus
573 907 667 957 Immo·
732 911 747 952 5
766 905 864 969 Hymen
882 921 895 954 o
914 905 1056 972 Hyrnerroee]
1072 909 1182 958 Carmen
1193 926 1232 961 oo-

89 975 95 983 ’
135 986 179 1030 tus
207 988 295 1032 manet
320 982 443 1031 ultimus!
482 983 600 1047 Namque
626 982 666 1032 lric
700 982 777 1031 lenus
795 983 821 1031 in
841 984 956 1046 nuptiis;
979 985 1082 1034 utillud
1098 986 1231 1050 Romanis,

134 1070 240 1120 semper
260 1057 364 1107 Iambus
387 1062 436 1107 est.
479 1056 515 1107 Ar
536 1058 666 1121 posterius
700 1058 841 1120 Thalassio,
858 1059 1001 1109 Thalassio.
1019 1059 1150 1123 Aristoph.
1171 1061 1233 1111 Avi·

134 1133 200 1182 illud
212 1133 332 1195 Carmen,
344 1133 412 1198 quod
431 1133 619 1184 Pherecratiou
629 1133 667 1182 di·
701 1133 760 1196 bos,
785 1134 858 1196 Ὑμὴν
883 1133 901 1184 ὃ
926 1134 1075 1199 ‘tomam
1100 1135 1179 1198 Ὑμήν·
1205 1143 1234 1186 et

133 1208 172 1258 cit
194 1207 376 1271 Hephaestion,
401 1207 470 1257 idem
496 1208 666 1259 Terentianus
701 1210 809 1258 Tlreocr.
829 1208 914 1258 Adon.
942 1209 1027 1259 οὐκέτι
1059 1211 1140 1274 nuda,
1162 1212 1234 1273 “rub

134 1296 236 1333 comma
254 1284 361 1346 Dactyli
372 1283 426 1333 sire
443 1283 550 1346 Priapei
569 1283 667 1333 Carmi-
701 1282 777 1333 οὐκᾶν·
799 1285 928 1344 &adduam
947 1284 1021 1345 alass
1040 1286 1128 1351 diurn·
1157 1298 1186 1339 et
1206 1291 1233 1339 in

134 1360 175 1408 nis
195 1359 300 1408 ridetur
325 1360 467 1422 appellare,
490 1359 611 1423 exemplo
639 1359 667 1409 id
703 1359 812 1409 Helenae
822 1361 928 1425 nuptiis,
939 1360 1234 1427 ‘rubonpmnplpp

136 1434 276 1484 Horatiani
292 1448 381 1484 versus
399 1435 547 1498 osteudens,
561 1435 667 1484 ‘Grato
702 1434 740 1483 hri
751 1438 811 1497 τῷδε
820 1437 924 1504 χαρείῃς.

136 1514 241 1579 Pyrrha
257 1513 305 1563 aab
322 1519 397 1562 antro
406 1511 423 1561 :'
440 1512 490 1561 etsi
505 1510 602 1575 primus
620 1524 667 1574 pcs
734 1516 751 1561 d
769 1513 847 1574 Cinge
864 1519 971 1577 tempora
980 1515 1095 1580 ficubus]
1112 1517 1190 1568 Orio.
1207 1519 1234 1568 in

135 1597 258 1639 constans
285 1588 431 1652 spondaeus
457 1601 514 1636 ease
539 1586 667 1636 videatur.
704 1589 787 1653 Epist.
800 1589 1234 1656 HypsipylaeadJssonem‚‘Heu

134 1665 188 1715 Sed
215 1665 248 1716 ad
273 1663 421 1728 hujusmodl
443 1663 540 1713 Catulli
566 1675 666 1710 versum
702 1664 747 1714 nbi
765 1671 842 1727 pacta
853 1663 928 1728 fides,
939 1666 983 1716 ubi
994 1667 1157 1719 connubialis
1162 1670 1233 1733 jura,

135 1742 199 1791 nihil
208 1726 279 1807 apud
290 1742 362 1790 illurn
373 1740 499 1805 proprior,
510 1739 572 1789 nibil
583 1739 667 1788 eidem
703 1740 810 1803 Faxque
821 1739 869 1790 sub
879 1754 981 1790 arsuros
990 1741 1092 1806 dignior
1103 1744 1140 1792 ire
1150 1758 1233 1808 rogos.

135 1818 244 1869 stultius
256 1819 369 1881 reperire
386 1816 467 1880 potui.
499 1815 589 1880 Atque
599 1815 667 1865 idem
703 1815 764 1865 Non
786 1831 835 1880 ego
857 1831 912 1866 sum
935 1815 1024 1868 l'or'tim
1047 1819 1094 1870 tihi
1111 1823 1234 1884 cognita3

133 1894 279 1959 Spondaeus
289 1895 317 1943 iu
334 1893 460 1957 exemplis
475 1893 544 1956 apud
555 1893 668 1956 Hephae·
704 1894 821 1957 pronuba
835 1893 905 1943 Jnno
918 1893 1021 1958 Adfuit,
1037 1902 1064 1945 et
1081 1897 1158 1946 sertis
1170 1904 1234 1949 tenr-
1321 1947 1323 1958 ,

134 1973 247 2023 ationem
258 1977 380 2022 constans
393 1977 441 2022 est.
473 1971 577 2021 Servius
596 1973 667 2021 illurn
704 1983 767 2031 pora
784 1970 885 2020 vinctus
904 1970 1018 2034 Hymen.
1052 1971 1089 2022 Ar
1107 1974 1168 2022 mihi
1184 1989 1234 2024 nea

135 2047 293 2112 Glyconium
313 2061 418 2110 semper
438 2053 515 2097 vocat
533 2047 560 2096 io
579 2048 668 2098 Centi-
703 2043 772 2093 Juno
783 2059 832 2095 nec
845 2045 958 2109 Hymen,
969 2047 1015 2096 sed
1027 2049 1110 2097 tristia
1121 2050 1233 2114 Erinnys

134 2131 237 2184 metro;
262 2123 331 2173 huuc
349 2129 435 2173 autem
454 2121 667 2172 Pherecratiom:
704 2119 829 2169 Praetulit
847 2119 971 2169 infaustae
989 2123 1234 2184 sanguinoleutnt'a·

135 2215 197 2250 narn
205 2200 240 2250 de
249 2199 373 2264 Priapeia
382 2214 472 2263 agens,
482 2199 491 2228 ‘
501 2198 670 2262 Priapeium,’
704 2193 767 2243 cea!

135 2274 232 2338 iuquit,
249 2273 511 2338 ‘constatGlyconio
527 2279 555 2322 et
572 2274 668 2323 Phara·
736 2273 752 2317 8
772 2270 1063 2334 Flammenmcopeloetaa]
1077 2271 1234 2338 Novaenup·

136 2349 231 2412 oratio,
260 2357 298 2413 at,
325 2349 567 2412 Hellespontiacum
595 2355 668 2399 tunm
704 2349 738 2394 ta·
747 2343 1053 2397 flammeumindebatur:
1072 2349 1234 2402 itaenimlo·

134 2422 475 2489 manenpmta'ugitluortos!v
500 2424 668 2477 Atiliusltorr
704 2421 858 2485 qnebantor.
886 2422 998 2471 Severus
1008 2424 1136 2487 Sulpicius
1148 2424 1192 2476 llb.
1201 2429 1234 2476 11.¹

136 2501 287 2551 tonatiauus
297 2501 324 2549 in
336 2509 393 2551 arte
411 2507 547 2571 utromque
565 2503 668 2554 ridetur
704 2499 789 2547 8⁸0¹·ae
797 2498 1140 2566 HittoriaedeNeronelpto·
1154 2502 1235 2552 ‘Post

135 2592 233 2628 vocare
246 2587 346 2627 comma
361 2577 466 2640 Priapci
479 2579 620 2640 Carminis;
636 2579 667 2631 tit
703 2574 783 2623 eliam
800 2574 957 2638 Pythagora
976 2575 1116 2625 euidentia
1128 2577 1232 2629 modum

136 2653 206 2702 cuim
218 2666 252 2700 ex
263 2657 372 2716 utroque
387 2653 545 2718 Priapeium.
578 2652 667 2720 Atque
703 2648 854 2698 solemnium
871 2649 1050 2713 conjugiorum
1065 2652 1186 2717 nuberet,
1195 2654 1234 2703 in·

135 2727 208 2777 idem
235 2727 387 2777 varietatem
413 2728 492 2791 illurn,
519 2743 549 2778 ac
571 2729 668 2792 pedum
704 2724 838 2789 ditumque
854 2725 1002 2788 imperatori
1013 2724 1168 2793 flammeum,
1186 2731 1234 2780 dos

135 2803 308 2854 mobilitatem
320 2804 347 2853 iu
359 2812 470 2868 utroque
481 2811 607 2854 commata
618 2806 668 2869 sig·
703 2808 731 2850 et
743 2800 850 2863 genialis
861 2801 958 2863 thorus,
969 2807 997 2850 et
1007 2799 1078 2851 sacas
1088 2804 1234 2866 nuptialesr
1271 2825 1276 2838 ·

134 2877 246 2929 nificaus
261 2879 307 2941 ait,
327 2880 409 2929 ‘Non
425 2880 517 2943 ignoro
529 2887 613 2930 antem
626 2896 669 2930 ra·
704 2885 800 2927 cuncta
821 2877 932 2941 denique
952 2892 1009 2941 quaa
1028 2879 1069 2926 vel
1087 2878 1113 2927 ln
1131 2878 1234 2929 feminis

135 2954 670 3019 riariprimasetsecundassyllabasntri-
703 2967 755 3002 non
782 2952 837 3001 sine
861 2951 1016 3001 verecundia
1038 2953 1234 3015 conspiciuntur

135 3030 218 3094 arsque
229 3030 255 3078 in
267 3029 392 3092 Priapeio
400 3031 544 3092 commatis,
553 3037 582 3080 nt
592 3030 668 3080 modo
705 3025 841 3091 spectata?
872 3025 939 3075 Hmc
950 3025 1059 3088 Sulpicii
1070 3027 1150 3077 verba
1161 3029 1234 3092 posui

136 3099 274 3156 ab‘lambo
290 3105 407 3168 incipiat,
421 3105 497 3155 modo
510 3107 668 3163 a'l'rochaeo,
705 3110 812 3167 propter
828 3102 954 3164 insignem
966 3117 1050 3151 rerunt
1064 3117 1163 3167 earnm,
1174 3120 1246 3170 quta,

136 3188 271 3245 tanquam,
292 3180 371 3230 Hunc
394 3182 478 3231 lucum
501 3180 549 3230 tibi
575 3181 667 3230 dedico
704 3180 730 3228 in
741 3179 839 3242 nuptiis
850 3177 1048 3242 adhibebantur,
1063 3184 1234 3234 enumeratio·

135 3270 312 3319 consecroqne
323 3255 433 3320 Priape;
452 3255 548 3306 Libens
559 3256 607 3305 hoc
619 3255 668 3305 tibi
704 3271 772 3307 uem.
804 3258 919 3308 Similem
938 3258 1080 3308 callistrati
1099 3260 1236 3324 cujusdam

135 3331 239 3389 dedico,
247 3332 331 3381 libens
341 3338 431 3381 sancte
441 3331 554 3395 Priape‚’
564 3334 614 3380 &m
629 3330 672 3381 At,
704 3335 891 3398 turpitudinem
902 3335 993 3386 eadem
1009 3350 1091 3400 prope
1103 3353 1161 3388 curn
1171 3354 1234 3391 ano·

134 3408 249 3472 priorem
260 3407 333 3456 illum
349 3415 426 3457 vocat
443 3406 511 3456 idem
525 3407 667 3457 Bacchium
704 3411 849 3460 oneratione
865 3411 983 3475 exagitat
998 3411 1168 3466 Martiallib.
1180 3429 1233 3467 xrs.

134 3490 164 3534 et
176 3483 368 3534 choriambum.
401 3484 506 3533 Mallius
525 3498 594 3547 vero,
611 3484 667 3549 opi·
703 3486 853 3536 ‘Barbatus
869 3488 952 3552 rigido
968 3490 1055 3552 nupsit
1070 3491 1234 3543 Callistratus

134 3572 195 3622 nor,
203 3559 223 3607 is
240 3563 290 3620 est,
307 3557 379 3620 cnjus
390 3557 539 3606 Macrobius
550 3553 667 3608 meminit
704 3559 777 3624 Afro,
788 3562 846 3612 Hac
857 3578 907 3627 qua
917 3565 976 3627 lege
988 3564 1043 3613 riro
1053 3565 1151 3615 nubere
1162 3566 1235 3631 virgo

134 3634 181 3685 lib.
193 3648 225 3683 ιι.
243 3633 329 3682 Satur.
340 3633 366 3682 in
378 3633 510 3682 Ciceronis
522 3625 658 3684 Ridiculis.
704 3637 779 3686 solet.
796 3637 946 3687 Praeloxere
957 3637 1029 3688 faces
1040 3641 1154 3691 relatum
1163 3638 1235 3690 flam·

168 3708 405 3772 wrchinensis]
421 3707 514 3773 ldest,
531 3709 590 3759 tilia.
624 3710 666 3760 Sic
704 3725 763 3761 mea
773 3713 867 3774 vultur,
877 3714 936 3763 Nec
946 3720 991 3764 tua
1001 3713 1235 3779 defueruntverba,

135 3783 207 3832 euim
227 3779 320 3833 Poetae
345 3784 493 3848 loquuntur,
515 3792 545 3836 ut
565 3785 665 3850 Vergil.
703 3786 828 3837 Thalassa
840 3788 897 3839 tibi.
929 3790 1158 3841 Dosetiamdicta
1175 3796 1232 3840 est:
1319 3831 1326 3846 .

132 3857 382 3908 ‘Genusourutael
414 3859 667 3924 Interpres,opinor‚
704 3855 1234 3929 noudumtibiltomavldeturllocsatis:

135 3933 247 3985 Hesiodi
259 3934 330 3983 clius
341 3932 421 3982 lilium
436 3932 510 3985 facit.
541 3935 666 3985 Atclau·
704 3946 842 4003 exspectas
865 3940 999 4005 numquid,
1019 3946 1049 3989 ut
1070 3948 1099 3991 et
1114 3940 1233 4009 pariatl'

134 4007 229 4060 dianus
240 4009 266 4058 iu
279 4009 389 4059 Palladii
405 4009 578 4072 Epithalamio
589 4011 666 4060 Mosa
703 4014 821 4063 Eandem
830 4016 1017 4080 turpitudinem
1026 4016 1163 4079 exagitans
1171 4014 1235 4067 suet

135 4085 255 4149 genitum
274 4090 377 4133 tantum
397 4084 470 4146 dicit,
493 4085 502 4112 ⁴
521 4085 666 4134 innumeros
703 4091 790 4139 tonius
801 4090 908 4140 Nerone
919 4089 999 4137 ‘Cum
1008 4088 1068 4139 dote
1079 4096 1107 4140 et
1115 4088 1252 4142 flammeo.

136 4161 310 4225 Hymenaeum
335 4160 429 4224 quant
453 4173 562 4223 amores,
586 4160 665 4213 Hono
703 4157 869 4226 persultemol
893 4162 1061 4216 celeberrimo
1083 4166 1232 4238 nuptiarum

202 4240 325 4304 Delphos
341 4240 471 4291 Vonclns.
565 4252 569 4256 “
649 4243 730 4292 curm.
1107 4245 1167 4297 20
