2752 4694
136 309 201 376 714
475 324 561 374 non
583 312 677 373 brun
703 325 820 374 rnen.
844 325 899 374 ιιι.

134 466 166 517 nt
177 470 271 515 natura
282 463 328 514 red
344 461 455 529 quodam
467 464 606 515 instituto?
621 465 665 514 Iu·
705 481 762 516 esse
773 481 916 530 censerem,
931 466 981 516 uisi
998 466 1158 517 eruditorum
1169 469 1237 518 viru-

134 545 219 607 clytus
230 541 338 591 dicimus
348 540 421 590 brevi
432 541 514 606 prima
525 542 611 604 litera,
627 543 665 590 iu·
705 557 761 592 rum
772 543 955 593 Commentarii
965 543 998 593 de
1008 549 1064 594 tota
1074 544 1123 593 bac
1136 559 1166 593 re
1178 558 1237 606 pas-

135 635 211 671 sanus
223 619 359 682 products,
369 618 521 670 inhumanus
533 621 614 684 brevi,
625 622 664 670 iu·
704 617 752 666 sim
771 617 1019 679 circumferrentur;
1043 619 1166 683 quocirca
1182 634 1237 669 rem

134 696 208 747 foelix
226 698 311 759 longa.
345 696 380 744 Et
400 709 433 744 ne
451 696 554 757 multis;
571 696 664 760 quibus
703 692 742 742 ita
758 706 787 741 se
803 692 907 754 babere,
925 693 993 743 inter
1007 708 1052 743 nos
1064 694 1237 745 constitutum

133 771 162 821 in
174 770 258 820 serbis
268 785 306 819 ere
318 770 410 833 primae
427 777 488 819 sunt
498 769 594 833 litera,
606 785 664 835 qum
703 771 747 833 sit,
757 775 785 820 et
796 770 829 819 ad
841 777 957 820 tenorem
976 770 1134 834 syllabarum
1146 785 1236 820 rerer·

133 848 162 897 in
181 846 300 910 sapiente
321 852 400 910 atque
421 844 514 907 felice,
536 845 663 908 producte
703 852 798 908 mmor,
817 846 951 910 ipsumque
970 846 1075 895 auribus
1086 848 1122 896 its
1139 848 1237 895 exemi·

134 923 275 982 dicuntnr;
292 921 318 970 in
330 921 432 970 caeteris
451 920 569 970 omuibus
581 919 664 970 brevi·
703 933 800 968 nemus.
824 921 922 968 Versus
934 921 1119 970 examinemus.
1135 922 1236 970 Versus

133 1006 192 1050 ter:
209 1000 329 1062 Itemque
338 996 491 1060 composuit,
501 996 665 1060 concrepuit,
703 1001 776 1043 extat
787 994 860 1043 initio
878 994 954 1057 primi
969 995 1070 1044 AEneid.
1088 995 1187 1044 ‘Arma
1198 996 1238 1044 vi·

133 1075 276 1137 consuevit,
293 1072 423 1123 confecit:
439 1073 545 1122 consule
568 1073 663 1122 verita·
704 1083 812 1133 rumque
823 1083 898 1129 cano,
915 1071 1001 1134 'trojae
1021 1073 1064 1136 qui
1082 1072 1182 1135 primus
1202 1071 1236 1120 ab

133 1157 197 1212 tem,
213 1148 405 1213 reprehendet,
432 1147 503 1197 refer
524 1148 557 1197 ad
578 1162 663 1210 aures,
703 1143 774 1194 oris!
797 1144 829 1193 In
838 1146 944 1209 singulis
953 1146 1059 1209 syllabis
1068 1147 1237 1211 ringulaspa·

75 1242 91 1269 ι
133 1225 297 1290 probabunt:
314 1237 402 1287 quaere
410 1223 475 1273 cur?
490 1224 527 1274 ita
536 1239 564 1274 re
573 1224 664 1274 dicent
704 1221 741 1271 tia
752 1221 795 1269 vel
805 1221 882 1283 longa
891 1222 933 1270 rel
945 1220 1044 1285 brevia,
1054 1222 1115 1272 dum
1127 1236 1167 1272 eae
1176 1237 1237 1286 pro-

128 1302 225 1367 juvari,
236 1301 365 1364 voluptati
375 1307 462 1350 autern
474 1301 573 1351 aurium
586 1301 661 1349 mori·
703 1295 903 1359 nunciabantur,
923 1297 1098 1359 agnoscebant
1121 1305 1237 1359 veteres,

132 1378 216 1442 gerari
235 1377 315 1426 debet
338 1375 437 1426 oratio!
470 1376 506 1425 Et
526 1391 566 1424 res
586 1376 662 1425 nimis
702 1371 770 1420 unde
782 1372 892 1419 maxima
911 1372 1026 1421 suavitas
1043 1374 1158 1436 ipsorum
1170 1373 1237 1422 anri·

132 1466 208 1516 quum
221 1458 292 1511 nota,
311 1456 340 1500 ut
359 1449 469 1513 amplius
489 1450 663 1500 demonstrari
703 1445 751 1495 bns
758 1447 906 1507 recidebam
918 1462 964 1496 nos
971 1448 1033 1497 nibil
1043 1450 1095 1498 talc
1104 1449 1235 1512 sigillatim

131 1540 183 1576 non
192 1525 298 1576 debeat.
332 1524 374 1573 Au
394 1524 443 1575 hoc
463 1540 519 1575 aevo
537 1527 578 1575 bae
590 1527 661 1589 leges
702 1523 1236 1588 percipimus,quomodoetiamexadverso

131 1601 368 1668 pronunciationis?
403 1601 475 1650 Nihil
486 1602 588 1664 minus3
607 1602 663 1666 quir
702 1599 796 1648 nullam
817 1599 999 1648 insuavitatem
1018 1599 1193 1662 agnoscimus,
1213 1600 1236 1648 si

131 1680 200 1730 enirn
212 1679 239 1729 in
255 1676 362 1742 ‘plaga’
384 1685 502 1727 naturam
514 1678 601 1727 brevis
618 1686 663 1727 aut
702 1674 812 1724 eundem
825 1687 927 1724 versum
946 1675 992 1726 ita.
1002 1673 1128 1739 (exempli
1140 1672 1237 1738 gratia)

131 1754 217 1818 longae
229 1753 334 1817 syllabae
350 1751 453 1802 auribus
465 1751 661 1815 deprehendat?
703 1749 879 1810 extulerimus,
893 1748 991 1798 ‘Arma
1007 1765 1149 1815 regemque
1166 1750 1234 1811 dico,

131 1828 188 1893 quis
210 1828 236 1876 in
262 1826 367 1890 ‘palus‚’
388 1826 518 1886 ‘malum,’
539 1824 661 1888 ‘refert,'
700 1826 783 1889 Trojae
800 1825 845 1890 qui
863 1825 934 1888 prior
953 1840 968 1875 a
988 1825 1090 1890 plaga?
1108 1832 1189 1891 atque
1206 1827 1236 1874 il·

130 1901 226 1966 ‘dico,’
241 1900 385 1966 ‘populun’
402 1899 501 1949 ‘idem'
519 1914 577 1949 cunr
585 1914 661 1964 gene·
702 1902 754 1950 lum
766 1901 877 1951 alterum
889 1901 1004 1965 Horatii,
1021 1903 1121 1953 ‘Quam
1131 1903 1153 1950 ai
1165 1903 1236 1967 quic-

129 1977 166 2031 rls
184 1983 226 2028 est
247 1977 381 2027 masculini
403 1981 449 2025 aut
475 1989 534 2025 cum
557 1977 661 2039 neutri3
701 1977 763 2043 quid
782 1984 840 2026 arat
859 1991 910 2026 non
932 1978 1008 2041 piger
1025 1976 1165 2040 Appulus,'
1185 1977 1234 2027 boc

130 2053 188 2103 aliis
203 2052 350 2103 sexcentis?
385 2052 443 2101 Nec
462 2052 539 2101 aliter
557 2053 661 2102 enunci·
702 2059 791 2119 pacto,
806 2055 814 2082 ⁴
827 2052 1231 2118 Quamsiquicquiduratbaud

132 2147 204 2182 amns
229 2130 357 2196 ‘precem’
381 2145 459 2196 qnam
483 2130 661 2194 ‘praemium’
700 2132 777 2180 laetus
804 2128 923 2193 Appulus
932 2129 949 2179 ι’
976 2143 1061 2193 neque
1089 2144 1140 2178 nou
1169 2131 1233 2181 item

128 2207 192 2258 item
208 2205 327 2269 ‘lerum'
338 2220 414 2271 quam
432 2207 563 2269 ‘larana'
583 2207 661 2256 ‘alis'
701 2205 854 2271 illum,‘Seu
864 2205 946 2266 Deos,
955 2219 1080 2269 regesque
1088 2206 1169 2270 cauit,
1179 2207 1234 2255 De·

128 2280 501 2346 ab‘ua,’quan‘a1is‚’eum
514 2285 583 2334 valet
598 2283 660 2333 ‘ali·
701 2296 774 2332 orum
793 2280 968 2345 Sanguincmss
986 2279 1054 2330 bunc
1072 2280 1099 2329 in
1118 2282 1235 2344 modnpr,

130 2373 161 2407 us
173 2357 189 2419 ς’
207 2364 237 2408 ut
247 2372 306 2408 curn
316 2357 354 2407 ait
365 2358 513 2421 Lucretius,
528 2358 660 2411 ‘Quando
701 2357 1007 2422 ‘SeuDiros,duccsque
1017 2357 1233 2421 cauit‚Divorum

130 2434 183 2485 alid
194 2435 289 2501 exvalio
301 2433 385 2483 reficit
403 2441 498 2484 natura
515 2447 565 2485 nec
583 2436 659 2485 ullum
700 2433 841 2485 Subolem?
873 2434 1030 2497 Hujusmodi
1038 2437 1160 2498 exempla
1171 2451 1230 2484 sex-

128 2509 196 2559 Rem
213 2509 281 2573 gigni
300 2509 417 2572 patitur.'
449 2512 486 2560 Et
504 2516 593 2560 noster
612 2513 659 2562 Ca·
699 2517 777 2561 centa
796 2507 882 2558 afferri
900 2516 1019 2572 possunt;
1039 2517 1066 2559 et
1085 2515 1160 2560 extat
1179 2511 1234 2574 epl-

128 2587 217 2648 tullus,
232 2585 325 2634 ‘Anne
342 2585 437 2635 bonum
455 2586 537 2636 oblita
555 2601 582 2636 es
599 2586 660 2636 faci·
699 2599 815 2648 gramma
832 2583 903 2648 apud
913 2585 1007 2634 AElium
1019 2586 1188 2649 spartianum
1203 2586 1230 2634 in

128 2674 187 2722 nus,
197 2674 256 2709 curn
267 2659 368 2722 regium
385 2660 483 2723 adepta
499 2673 526 2709 es
538 2661 659 2724 conjugi-
699 2660 853 2723 Pescennio,
864 2661 933 2725 qnod
951 2662 1036 2724 potius
1046 2662 1146 2712 aurium
1158 2676 1232 2724 sono,

128 2749 182 2798 nm,
202 2734 271 2799 quod
293 2748 345 2783 non
371 2733 465 2785 fortius
491 2735 559 2785 ausit
579 2737 659 2786 alisi'
699 2749 776 2800 quem
794 2737 947 2800 scrupulosa
957 2738 1001 2786 illa
1012 2737 1173 2788 dimensione
1186 2753 1232 2788 ex·

128 2810 203 2861 Idem
215 2814 337 2874 spectare
349 2808 411 2860 licet
422 2809 450 2861 iu
461 2811 470 2840 ‘
480 2814 551 2875 aere,’
562 2818 589 2862 et
599 2812 659 2862 ‘he-
699 2823 807 2874 pensum
818 2809 899 2860 fuisse
910 2818 1032 2875 apparet,
1044 2813 1122 2878 idque
1133 2814 1232 2864 idcirco

127 2891 174 2948 re,‘
198 2886 277 2950 ‘ara,’
298 2892 326 2935 et
347 2884 444 2951 ‘bara’
467 2887 611 2951 ‘magalim’
631 2894 659 2939 et
698 2885 1106 2954 (utputo)qnoniaminceperat
1120 2893 1177 2956 jam
1189 2908 1233 2941 ve·

126 2961 280 3026 ‘turpabat'
296 2967 425 3027 praetereo
437 2963 487 3013 alia
497 2964 573 3029 hujus
583 2979 659 3028 geue·
700 2970 743 3013 tus
756 2963 801 3013 illa
812 2964 993 3028 pronunciatio
1002 2966 1128 3029 paulatim
1144 2968 1232 3017 exole-

126 3039 171 3105 rir,
179 3053 237 3104 quae
255 3038 443 3104 propemodum
461 3039 660 3090 innumerabilia
699 3054 782 3103 scere,
792 3046 820 3089 et
831 3041 857 3089 in
868 3041 933 3090 banc
943 3055 1036 3090 novam
1044 3041 1125 3092 abire.
1149 3044 1231 3092 ‘Ter-

127 3121 197 3178 sunt,
212 3115 235 3164 si
254 3114 311 3180 quis
329 3127 361 3164 ea
378 3114 518 3178 diligenter
533 3115 659 3179 exquirat.
698 3129 741 3166 ror
749 3115 899 3179 AEgyptiaci
911 3116 1002 3165 Nistcr
1012 3122 1083 3166 astat
1093 3117 1181 3167 militis
1193 3118 1232 3166 in·

125 3194 247 3258 Denique
257 3194 314 3259 quis
323 3193 436 3244 Neronis
442 3195 531 3256 jocum
539 3209 659 3258 asseque-
699 3206 772 3255 gens,
790 3191 940 3240 Thebaidos
957 3192 1049 3242 Socius
1071 3207 1149 3243 arrrea
1160 3195 1232 3243 secla

126 3276 178 3329 tur,
196 3282 253 3317 cum
273 3269 306 3318 de
328 3269 437 3318 Claudio
457 3271 565 3334 loquens
582 3270 658 3333 dixit,
698 3268 814 3320 volvens.
847 3267 926 3316 Hunc
949 3281 1033 3330 reges,
1051 3269 1119 3318 bunc
1138 3276 1231 3333 gentes

125 3342 208 3392 ‘Eum
218 3343 315 3392 morari
325 3343 395 3391 inter
405 3342 521 3392 homines
532 3342 656 3406 desiisse,’
697 3349 793 3405 amant,
803 3343 870 3392 huuc
883 3356 962 3391 aurea
979 3342 1070 3405 Roma,
1082 3344 1136 3393 Hic
1147 3345 1230 3394 Auto-

124 3416 254 3480 producta
264 3417 349 3479 prima
362 3416 461 3479 syllaba
471 3416 544 3465 verbi
555 3417 563 3445 ‘
573 3432 656 3467 mora·
696 3420 763 3469 ninis
775 3433 860 3481 carus,
872 3424 900 3467 et
911 3418 1028 3481 imperio.
1061 3420 1172 3482 Nigrum
1185 3435 1230 3471 no·

125 3492 149 3542 ri
158 3489 176 3552 ;'
193 3498 222 3540 nt
233 3490 314 3539 refert
329 3490 486 3540 Suetonius?
504 3497 549 3541 aut
560 3493 616 3557 quis
628 3492 656 3542 in
696 3509 755 3544 men
766 3494 854 3556 babet,
865 3494 965 3557 nigrum
983 3493 1151 3545 formavimus
1163 3497 1212 3559 ipsi
1223 3514 1230 3556 3

125 3567 317 3634 pronunciando
337 3567 455 3630 agnoscit
471 3568 609 3618 discrimen
627 3570 654 3619 in
694 3572 732 3622 Ut
752 3570 931 3621 consentirent
949 3570 1033 3620 forma
1044 3573 1152 3622 metalla
1163 3573 1231 3623 tibi!

124 3643 266 3707 vocabulis,
281 3642 369 3693 ‘Sede
381 3643 475 3693 sedens
494 3644 610 3707 dextra3’
627 3651 656 3696 et
694 3648 764 3698 Huic
779 3646 873 3696 similia
883 3647 967 3697 multa
978 3649 1093 3711 reperias
1103 3650 1130 3697 iu
1142 3651 1229 3714 sepul·

124 3720 213 3770 ‘Voce
225 3733 320 3770 vocam
331 3718 473 3769 Hecateui'
505 3721 576 3772 Quin
587 3722 655 3786 ipsa·
693 3725 811 3774 ebrorum
820 3722 1045 3786 inscriptionibus,
1057 3738 1114 3773 aevo
1122 3738 1231 3787 praeser-

124 3811 182 3846 rum
201 3796 334 3847 literarum
347 3809 432 3845 veram
446 3796 654 3846 enunciationem
694 3799 740 3850 tim
756 3799 812 3862 jam
833 3798 928 3847 sensim
942 3798 1095 3848 collabente
1114 3801 1142 3850 in
1161 3802 1229 3850 banc

124 3887 219 3937 magna
235 3887 269 3922 cx
281 3879 356 3936 parte
367 3872 508 3936 amisimus,
519 3874 654 3935 vocalium,
693 3872 785 3924 faecem
801 3888 817 3923 a
834 3874 922 3938 prisca
940 3874 985 3923 illa
1003 3874 1119 3938 puritate
1140 3876 1229 3926 Latini

124 3947 328 4007 consonantium,
343 3947 453 3997 onmium
474 3947 586 4012 denique
598 3950 654 3998 siue
693 3949 834 4011 sermonis;
855 3949 1103 3999 ntbincetiamtnto
1114 3965 1229 4015 pronun-

124 4025 176 4074 ulla
188 4024 352 4088 exceptione.
385 4025 495 4075 Possum
514 4025 562 4074 boc
574 4025 654 4089 pluri·
696 4025 1148 4087 ciareliceat,verumomniuoerse,
1158 4027 1229 4091 quod

123 4100 170 4150 bus
189 4102 350 4164 argumentis
371 4102 550 4152 indubitanter
572 4108 655 4150 astru-
695 4117 763 4151 nunc
775 4101 885 4150 maxinre
897 4099 1006 4158 affirmo,
1019 4101 1085 4151 solas
1104 4101 1228 4151 videlicet

122 4187 179 4236 ere,
201 4176 278 4242 idque
301 4191 406 4241 prorsus
424 4177 485 4228 mibi
507 4174 653 4228 iaciendum
695 4192 769 4228 aures
789 4177 838 4228 bac
858 4174 885 4225 in
902 4189 931 4225 re
950 4189 996 4242 nos
1007 4176 1142 4228 consulere
1154 4192 1228 4242 opor·
