2752 4694
165 323 232 389 ⁷74
512 339 629 390 sunu.
654 338 778 391 nitius
803 342 911 392 norm

167 480 250 544 qualis
262 484 330 530 esset
341 477 419 540 Afris,
428 487 456 527 et
465 480 554 543 quales
566 480 622 531 Cic.
634 482 697 532 Cor·
767 488 780 532 l
800 485 861 532 Cros
873 488 946 544 met,
963 481 1004 546 psi
1022 495 1147 544 mpsim
1157 479 1249 532 uuas‘t
1256 496 1267 542 ,⁵

166 554 697 622 dobeusesPoetusdisissetfflingueqnid·
733 559 819 622 quipse
829 560 928 620 mrit,
943 573 996 607 eras
1005 558 1080 620 unet]
1098 559 1156 607 Hoc
1168 560 1269 623 princi·

166 630 226 680 dam
237 636 366 688 sonantes,
375 644 406 678 ac
415 631 587 694 peregrinum,
595 647 699 682 accnsa·
735 634 807 698 pium
817 636 873 685 locu
885 646 931 684 sno
941 648 992 683 nou
1003 635 1095 682 saltem
1103 634 1269 698 submovere,

169 708 217 756 rit.
237 707 296 757 Nec
306 706 444 768 dubitavit,
453 707 486 754 ad
497 714 551 758 vet.
561 709 620 760 cod.
628 710 699 760 Pun.
736 709 782 758 sed
795 710 898 772 peuitns
910 721 1045 757 removere
1054 708 1176 756 aunixom
1185 709 1269 758 luisse

96 825 100 829 .
168 781 316 846 suffragium
324 783 560 847 prouocare,utqni
571 782 700 847 fragmen·
734 785 818 834 Scriv.
829 784 950 846 diximus,
963 783 1078 833 ulmodo
1088 784 1271 834 nnmerusille

168 858 699 924 tslraecsancautiqos,sireCatulli,airs
737 872 806 910 xosr.
823 871 943 908 seranum
962 856 1149 921 responderet:
1167 859 1215 908 sed
1238 868 1271 908 nt

169 935 277 984 alterins
287 933 347 997 sint,
363 933 524 984 Medicorum
534 937 622 999 pneris
631 951 699 987 coru·
737 951 752 985 a
763 935 852 998 lipsio
862 932 995 999 profertur
1008 933 1057 982 lsoc
1071 933 1191 996 Carnem
1206 936 1271 984 toti·

169 1009 330 1059 mendasset.
363 1009 446 1060 Quasi
462 1010 517 1059 scil.
534 1010 699 1075 desperatum
737 1010 795 1060 dem
806 1010 896 1074 utiquc
905 1015 1011 1058 manent
1026 1023 1128 1071 versus,
1144 1011 1165 1058 si
1181 1012 1224 1060 rel
1240 1012 1270 1060 iu

170 1085 219 1134 lroc
227 1085 339 1134 Carmen
349 1085 449 1147 puerile
459 1085 628 1137 credidisset:
641 1104 699 1139 cum
737 1088 824 1151 capite
842 1100 956 1152 qnoque,
973 1099 1025 1134 nou
1044 1085 1128 1134 miuus
1145 1091 1225 1150 atque
1240 1088 1270 1136 in

171 1161 252 1209 rauco
262 1156 354 1222 impin,
370 1164 398 1208 et
409 1158 491 1222 pueri,
499 1174 545 1209 seu
563 1160 609 1210 tilii
620 1164 701 1216 medi·
737 1164 821 1224 calce,
836 1176 927 1211 versus
947 1161 998 1210 iste
1017 1161 1181 1210 intercalaris
1205 1165 1271 1212 reti·
1319 1211 1322 1216 Δ

172 1249 271 1296 corum,
286 1249 334 1298 pro
353 1233 458 1284 summis
476 1239 701 1302 atqueexperien·
737 1244 839 1288 nentur.
873 1237 967 1301 Neque
982 1250 1045 1286 sane
1062 1235 1183 1284 versiculi
1194 1237 1272 1301 quia·

173 1311 277 1361 tissimis
289 1309 398 1359 medicis
415 1310 482 1360 haud
502 1325 561 1361 raro
572 1315 701 1377 accipian·
738 1323 780 1366 tus
796 1322 823 1364 et
836 1314 961 1379 septimus
972 1327 1055 1377 usque
1064 1312 1132 1361 adeo
1141 1313 1273 1377 quadrare

173 1392 223 1437 tur.
257 1385 400 1435 Audiamus
416 1387 503 1448 potius
524 1387 608 1451 ipsum
630 1390 702 1440 Pith.
738 1391 871 1452 uidentur,
887 1391 909 1439 si
920 1388 1054 1438 exordium
1067 1388 1273 1449 noc,vetotiser

173 1468 205 1511 ut
214 1460 309 1510 exinde
319 1461 496 1523 incorruptam
507 1461 541 1510 de
552 1463 608 1526 ejus
618 1465 702 1514 animo
739 1481 773 1517 ax
791 1480 859 1516 anno
875 1465 1019 1514 sustuleris.
1053 1465 1089 1513 Et
1098 1478 1174 1528 quum
1185 1465 1275 1514 Vene-

174 1540 331 1589 senteutiam
350 1536 466 1602 proferre
482 1540 627 1591 ualeamus.
659 1542 703 1592 lta
740 1540 987 1606 ripervigilandum
1005 1538 1146 1603 Amorique
1163 1553 1274 1603 operam

176 1628 238 1663 sero
249 1614 274 1662 in
284 1613 424 1662 ertetiana
431 1614 550 1664 Petronii
561 1616 627 1666 edit.
634 1618 703 1681 apud
741 1617 852 1667 dandam
863 1631 911 1680 per
921 1617 1053 1679 integrum
1067 1616 1179 1664 Carmen
1190 1615 1274 1665 incul-

175 1690 300 1739 Mamers.
315 1689 444 1739 Patissnn.
454 1691 567 1754 Typogr.
578 1694 643 1756 Reg.
659 1693 703 1743 nbi
741 1709 802 1744 care
812 1694 891 1743 vellet
900 1692 1010 1754 Auctor,
1018 1692 1086 1741 ratio
1097 1692 1274 1755 persuadendi

176 1765 224 1813 sub
235 1763 313 1813 finem
324 1764 430 1828 adjecta
442 1774 504 1815 suut
515 1774 630 1816 seierum
642 1784 704 1834 quo-
742 1770 876 1835 potissima
897 1767 957 1829 luit,
982 1766 1106 1831 temporis
1128 1767 1211 1830 ipsius
1238 1768 1274 1816 ad

176 1839 293 1887 rumdam
308 1839 447 1888 Poetarum
459 1840 578 1890 Ceresius
589 1857 641 1890 nou
653 1844 705 1893 dis·
742 1860 855 1895 amorem
877 1860 893 1893 a
912 1851 1005 1893 natura
1024 1840 1088 1891 facti
1109 1840 1275 1905 oportunitas

176 1913 266 1964 similis
276 1917 432 1978 argumenti,
443 1917 526 1980 quus‘
533 1919 645 1979 Errones
655 1920 707 1969 Ve-
743 1929 770 1971 et
788 1919 942 1970 amabilitas.
975 1917 1178 1982 Proponendum
1194 1919 1276 1982 igitur

178 1990 285 2040 nereos'
302 1990 477 2053 udpellarunt,
493 1994 706 2057 quorumprinci-
743 1997 825 2061 prius,
862 2009 937 2060 quum
968 1992 1130 2043 inferendum
1163 1993 1277 2056 proben-

178 2070 333 2132 pemlocum
351 2068 454 2120 obtinet
472 2062 520 2120 lso'c
536 2072 707 2136 Pervigilium
744 2072 838 2121 dumne
857 2069 917 2133 fuit,
931 2070 1060 2129 Ἀποδεῖξαι
1077 2068 1125 2132 γὰρ
1142 2067 1176 2128 μὴ
1199 2086 1277 2132 προει-

179 2145 307 2207 Veneris;
324 2147 575 2211 itu,inquam,Pitl1.
588 2148 708 2213 illeprae·
746 2147 823 2198 πάντα
840 2145 882 2210 (τὸ
900 2146 1005 2209 πρᾶγμα,
1029 2142 1081 2206 aspi
1099 2140 1137 2204 οὗ)
1151 2141 1278 2206 ἀδύνατον,

179 2221 350 2273 latusestz-
745 2219 962 2288 inquit-Ariston
986 2218 1061 2268 Rhet
1084 2219 1129 2268 lib.
1150 2231 1182 2267 ιι.
1217 2219 1277 2270 Nec

351 2299 359 2329 ‘
372 2298 537 2349 LECTORI.
746 2315 808 2350 saue
815 2297 917 2364 juverit
928 2296 1095 2359 Scriverium,
1105 2296 1174 2360 qnod
1187 2309 1280 2346 versus

214 2372 287 2425 ‘Qui
298 2387 353 2422 mos
365 2374 506 2437 veteribus,
520 2389 577 2424 cum
589 2373 710 2438 despera·
747 2377 798 2426 iste
818 2374 979 2424 intercalaris
1003 2386 1168 2436 praepropere
1191 2373 1278 2434 nimis,

181 2454 223 2500 tos
243 2456 305 2499 ante
320 2451 415 2513 januas
436 2451 602 2511 collocarent,
617 2456 647 2499 ut
669 2449 711 2499 vel
748 2451 892 2516 etquidem
904 2450 1026 2499 teriuter
1041 2449 1105 2498 alios
1123 2461 1216 2497 novem
1227 2449 1278 2497 sal-

180 2531 326 2574 extremum
341 2525 460 2589 spiritum
473 2524 613 2573 redderent
625 2530 712 2586 terra,
748 2531 801 2577 tem
813 2530 938 2575 recurret.
971 2525 1040 2573 Num
1055 2524 1096 2571 vel
1109 2523 1165 2586 ipso
1177 2537 1280 2587 quoque

182 2600 574 2664 velpossentutrauseuntibus
589 2598 712 2649 iortecu·
748 2602 878 2652 Seriverio
908 2598 1015 2659 arbitro,
1040 2605 1067 2647 et
1087 2598 1211 2662 Lipsium,
1235 2599 1281 2664 qui

182 2676 250 2723 rasi:
268 2671 336 2724 idem
348 2676 409 2724 milri
420 2674 472 2724 fuit
483 2676 617 2724 consilium
630 2675 656 2723 in
667 2676 711 2724 de·
751 2678 861 2727 eandem
872 2677 905 2727 ob
917 2689 1019 2725 oausam
1039 2679 1098 2739 post
1113 2689 1180 2727 vers.
1191 2679 1216 2724 8.
1234 2677 1280 2724 ali-

184 2750 312 2815 ponendis
327 2751 403 2816 hujus
415 2751 548 2800 Poematis
567 2765 629 2800 saue
648 2751 713 2799 auti·
753 2752 814 2818 quid
826 2752 917 2801 deesse
928 2758 1057 2811 senserat,
1072 2749 1212 2812 refutante,
1227 2765 1281 2800 nou

185 2828 239 2891 qni,
262 2828 317 2876 sive
336 2828 441 2890 Catulli,
464 2828 519 2878 sive
539 2828 647 2877 alterius
669 2828 713 2889 sit,
752 2841 855 2891 semper
867 2841 957 2876 versus
974 2826 1135 2875 intercalaris
1154 2826 1282 2890 interjici-

183 2903 312 2967 reliquiis;
328 2914 436 2968 quarum
455 2919 504 2969 ego
525 2905 633 2953 salutem
645 2918 713 2953 cum·
752 2910 804 2965 tur,
821 2909 867 2954 aut
878 2900 1141 2966 subjiciturversibus
1160 2902 1217 2964 pari
1234 2917 1281 2950 nu-

183 2983 330 3032 mendosam
342 2983 419 3047 cupio
430 2983 471 3031 rel
480 2981 642 3031 Medicorum
653 2995 714 3044 pue·
752 2994 834 3041 utero,
851 2979 898 3029 sed
917 2979 1021 3028 diverso
1039 2991 1132 3041 prore
1151 2983 1225 3025 netu:
1244 2978 1283 3025 in·

185 3059 369 3124 ris,dum,qna
379 3057 432 3108 tide
449 3057 550 3107 anobis
560 3056 714 3105 exhibentur
753 3043 855 3104 turdum
874 3059 934 3117 post
945 3053 1020 3116 duos,
1037 3060 1102 3114 tres,
1118 3060 1237 3117 quatuor,
1254 3060 1284 3101 et

184 3133 219 3182 de
250 3133 433 3192 vetustissimo,
457 3132 504 3181 sed
530 3131 608 3181 unico
629 3144 714 3179 exem·
735 3188 737 3195 Ι
755 3128 1017 3194 quinque,interdnm
1030 3129 1193 3192 postplures.
1206 3129 1284 3180 Quod

184 3207 261 3271 plari,
277 3208 378 3264 eadem,
390 3214 419 3257 ut
431 3220 477 3270 par
488 3213 537 3267 est,
553 3205 587 3253 ab
599 3202 714 3254 omuibus
754 3222 813 3257 cnm
826 3206 898 3268 alibi,
916 3212 969 3255 tum
984 3219 1018 3255 ex
1029 3206 1103 3268 Virg.
1115 3205 1172 3253 Ecl.
1184 3218 1246 3255 νιιι.
1258 3213 1286 3254 et

186 3282 352 3331 tractentur!
682 3319 686 3324 .
754 3281 851 3332 Catulli
871 3280 987 3344 Epithal.
1006 3280 1101 3343 liquet.·
1139 3281 1205 3332 Qnae
1226 3281 1285 3344 ipss

219 3357 328 3407 Jndieet
353 3357 410 3419 jam
436 3356 562 3419 prudeus,
586 3363 614 3406 et
641 3356 716 3405 nullis
755 3362 843 3406 tamen
875 3355 1117 3419 probatissimorum
1156 3352 1286 3404 artificum

188 3431 306 3496 portibus
317 3431 435 3481 addictus
444 3434 549 3495 Lector,
558 3445 590 3480 an
602 3438 717 3481 conteme
757 3431 879 3481 Carmina
897 3444 955 3479 cum
973 3428 1112 3491 utrobique
1131 3442 1183 3477 non
1201 3443 1216 3476 a
1238 3430 1287 3479 tali

189 3509 263 3558 tibile
277 3509 356 3557 visuro
370 3509 472 3558 Pithoeo
484 3511 604 3573 Carmen,
621 3517 649 3559 et
666 3524 717 3560 uon
755 3507 844 3557 statim
855 3504 1010 3555 inchoentur
1019 3503 1176 3565 intercalari,
1191 3504 1288 3554 exinde

188 3585 274 3650 potius
286 3599 385 3634 summa
406 3600 470 3634 curu
489 3591 517 3634 et
535 3585 588 3635 lide
603 3592 718 3636 tractari·
755 3580 998 3644 dictoioterposito,
1011 3578 1079 3643 quod
1089 3593 1140 3628 non
1152 3593 1289 3644 praepona-

188 3663 258 3724 dum,
274 3661 442 3725 pristinaque
452 3662 558 3711 sanitati
570 3669 597 3711 et
611 3663 719 3726 iutegri-
756 3667 808 3723 tur,
823 3657 906 3709 sedin
917 3655 1003 3704 medio
1013 3655 1140 3704 Carminis
1149 3657 1290 3707 intercale·
1313 3719 1318 3727 .

190 3740 240 3789 tati
251 3740 353 3788 restitui
362 3738 467 3802 dignum
480 3737 515 3789 sit
532 3738 717 3788 existimatum.
756 3743 808 3798 tur,
824 3741 852 3784 nt
863 3733 890 3784 iu
908 3747 975 3782 anuo
987 3731 1126 3782 bis-sextili
1138 3732 1194 3782 dies
1206 3748 1259 3782 uon
1272 3750 1289 3782 a

191 3816 350 3879 Incipiamus
369 3813 457 3877 itaque
477 3814 548 3862 illum
561 3813 719 3877 usqueadeo
756 3810 886 3876 principio
903 3808 1012 3857 mensis:
1029 3807 1089 3857 inde
1105 3805 1212 3880 forteun¹
1227 3809 1289 3858 srib-

191 3908 207 3942 a
228 3892 342 3942 librariis
361 3891 430 3939 mule
448 3889 564 3951 habitum
581 3887 719 3936 umoeuissi-
757 3886 858 3949 sumsit,
873 3890 901 3933 et
918 3883 1014 3932 Sinone
1034 3882 1066 3931 ab
1082 3896 1133 3931 nuo
1153 3882 1186 3931 ad
1199 3897 1289 3934 omues

190 3981 270 4029 mum,
287 3973 314 4016 et
325 3967 359 4016 de
370 3964 541 4015 umoeuissimo
554 3971 671 4026 tempore
689 3977 720 4012 ac
756 3961 884 4012 conclusit
912 3959 995 4009 Scriv.
1016 3957 1108 4007 nullibi
1129 3958 1290 4023 suspicalem

192 4046 262 4095 Diva
272 4044 457 4109 jucundissima
466 4042 592 4106 scriptum
603 4041 722 4090 Trochui-
758 4051 815 4088 esse
825 4050 911 4102 posse,
928 4035 971 4098 qui
982 4034 1016 4082 sit
1031 4034 1203 4084 intercalaris.
1219 4036 1289 4103 *Sed
1348 4067 1352 4073 ·

192 4135 251 4170 cum
271 4120 348 4169 nitori
368 4134 413 4169 suo
431 4119 556 4182 primevo
573 4117 685 4167 reddere
697 4118 721 4168 ἐς
759 4112 792 4163 ad
812 4128 850 4162 vs.
869 4116 894 4160 8.
911 4109 956 4175 (ue
976 4122 1026 4157 nno
1048 4109 1107 4158 loco
1126 4106 1289 4163 effundamus

162 4231 165 4236 .
193 4195 265 4245 situs
276 4197 426 4261 latipulis,
441 4209 500 4247 cum
514 4193 638 4245 Homero.
757 4187 854 4252 omniu)
866 4183 1074 4250 respondebitur.
