2752 4694
350 292 404 340 ιιι
428 293 592 348 aarum
617 292 774 342 cannen
800 293 916 344 xxrn.
1117 282 1184 349 «illd

93 430 130 493 ni,
140 431 184 495 qui
201 430 228 479 in
239 431 344 481 remmia
355 432 447 495 opibus
459 447 558 482 aumma
568 433 622 484 iuu-
657 431 780 496 perliatlr,
796 433 846 483 niel
857 446 937 499 utque
955 433 988 484 ad
999 439 1108 485 mortem
1119 439 1184 489 mul·

92 507 135 568 pir
147 506 289 562 laborabat,
309 513 395 556 tamen
415 508 570 570 igniefnirae
583 506 622 557 dl·
658 506 720 556 tatia
740 507 823 556 male.’
865 509 944 558 Ovid.
967 524 1069 573 qnoque
1091 511 1184 560 eodem

95 581 175 643 citur,
185 582 231 629 eed
243 595 318 644 quem
335 581 391 644 ipae
403 583 493 632 abiere
505 582 622 646 extingui
657 582 733 632 modo
742 584 844 632 locatur
852 584 969 633 videtur:
987 584 1054 633 ‘Illa
1063 584 1131 648 quod
1142 592 1185 635 eet

95 656 216 718 imperat.
238 658 274 706 Et
285 671 347 706 vero
356 659 477 721 quoniam
485 660 555 709 loona
566 659 622 723 ipre
658 658 740 720 virgo,
752 657 819 721 qrrod
832 658 885 707 tela
894 657 1029 721 cupidinia
1041 658 1108 720 odit,
1117 659 1185 708 Mul·

92 730 192 792 Plauti,
211 731 254 786 ubi
276 731 325 781 hoe
347 732 443 795 agitur,
465 733 622 798 depravatur
658 732 767 782 tadedit
778 733 865 782 multia
876 733 989 795 vulnera,
1003 733 1084 781 multa
1094 731 1185 784 dabit'

92 810 141 866 eet,
151 819 235 869 neque
256 805 340 855 adlrno
361 821 377 854 a
399 822 535 872 quoquam,
551 807 622 873 quod
658 807 694 856 Et
704 807 808 871 quidam
824 806 850 856 in
863 806 1011 869 Priapeiie:
1027 809 1035 835 ⁴
1049 807 1125 858 Quod
1136 806 1185 864 aim

93 880 183 942 adum,
201 880 410 943 animadvereue3
435 883 535 934 dabunt
552 885 623 948 milri,
659 882 768 945 ligneae,
784 888 815 932 nt
838 881 921 943 vider,
938 881 1062 944 Priapne,
1080 883 1115 930 Et
1131 881 1185 932 fula

92 956 192 1017 opinor,
200 955 384 1005 lectoreahane
393 958 504 1021 veniam,
513 966 552 1021 nt,
561 974 623 1022 pau·
658 957 751 1020 lignea,
760 957 913 1021 ligneueque
924 956 1007 1019 peria,
1017 956 1146 1006 Prendam
1157 965 1186 1007 te

92 1030 171 1092 liaper
182 1028 329 1092 digrediens
340 1045 355 1079 a
367 1046 396 1081 re
409 1033 550 1096 proponite,
561 1048 621 1084 aue·
658 1037 752 1090 tamen,
764 1038 792 1080 et
803 1031 897 1080 tenebo
907 1043 1026 1093 prensam
1034 1028 1050 1078 ι’
1068 1029 1106 1078 ita
1116 1029 1185 1079 enlm

92 1104 145 1154 tori
155 1105 255 1167 optimo
266 1105 323 1169 opio
334 1105 432 1170 aliquid
441 1106 556 1160 afferam.
573 1110 623 1158 Lo·
657 1112 686 1156 et
696 1106 723 1154 in
734 1106 864 1156 veteribus
884 1113 912 1155 et
931 1106 957 1154 iu
970 1104 1129 1169 Gryphiania
1145 1105 1186 1155 le·

93 1192 139 1227 cue
150 1178 229 1242 igitur
240 1178 266 1226 ln
278 1179 410 1242 impreeaie
431 1180 503 1230 librie
523 1181 560 1231 eie
579 1182 622 1230 ha·
658 1182 736 1245 gitur.

92 1253 156 1302 bet:
172 1253 260 1302 ‘Cave
271 1267 418 1318 quenquam
429 1256 540 1306 alienum
552 1257 578 1306 in
588 1271 623 1307 a·
690 1257 770 1306 eun
777 1255 874 1318 paleira
890 1253 946 1315 rili]
971 1253 1112 1303 Pulchrum
1131 1267 1183 1304 non

93 1327 337 1378 deieintromiaeria.
359 1329 624 1397 snttuldaiqunpi-
658 1346 788 1395 nunqnam
807 1331 877 1379 valet
898 1329 1011 1378 beatum.
1056 1329 1111 1378 Cio.
1132 1343 1181 1392 pru

93 1419 137 1453 am
146 1405 230 1466 ignem
238 1406 347 1468 quaerit?
359 1407 411 1456 Eu.
421 1407 539 1472 extingui
551 1410 622 1471 rolo;
657 1407 784 1454 Murena:
800 1404 919 1454 ‘Praetor
929 1418 1031 1468 quoque
1043 1418 1075 1453 ne
1086 1418 1115 1452 re
1126 1403 1185 1468 pul·

95 1479 140 1529 Ne
151 1492 248 1528 canera
262 1481 323 1544 qnid
336 1482 380 1544 eit,
390 1497 441 1545 quo
451 1489 478 1532 te
489 1484 622 1548 quiequam
658 1481 746 1529 chrum
757 1494 788 1528 ac
799 1479 903 1530 beatum
911 1478 1034 1542 putaret!
1058 1477 1184 1539 Idem,de

95 1553 224 1618 queritat.
257 1555 335 1615 Nam,
344 1556 366 1604 ei
375 1555 441 1619 ignia
453 1558 532 1621 vivet,
540 1564 569 1608 tu
578 1573 622 1608 ex·
658 1556 722 1605 Nat.
742 1557 825 1606 Deor.
849 1555 991 1616 ‘Propone
1013 1558 1074 1602 aute
1096 1553 1186 1602 oculeo

94 1630 214 1692 tinguere
235 1631 385 1694 extemplo?
417 1632 455 1682 At
474 1631 502 1682 in
523 1635 623 1683 calamo
656 1632 744 1682 Deum
755 1631 817 1680 nihil
828 1630 897 1679 aliud
908 1629 933 1678 in
951 1628 1021 1680 omni
1037 1627 1186 1678 aeternitate

94 1703 192 1753 notatis
218 1703 274 1753 heo
295 1706 379 1754 omnia
402 1707 567 1757 continenter
589 1708 623 1758 ah
658 1707 827 1770 cogitantem,
838 1706 897 1764 niel,
908 1704 969 1753 milri
979 1704 1186 1767 perduceret,

95 1780 222 1829 Euclione
233 1781 364 1845 dicuntur,
381 1785 463 1833 multo
474 1799 534 1835 rane
546 1784 624 1833 reoli·
659 1797 707 1846 ego
718 1797 772 1831 ιιιιιι
783 1781 892 1842 beatur:
901 1783 950 1830 &a

95 1854 231 1903 uer‘Cave
242 1869 389 1919 quenquam
400 1856 510 1906 alienum
521 1859 547 1907 in
558 1857 623 1906 aedie
700 1863 731 1907 lt
748 1858 813 1921 Sole,
833 1862 857 1906 et
871 1855 977 1917 frigore,
1004 1861 1029 1905 et
1048 1852 1186 1915 eruritioue]

95 1928 277 1979 intromiserit.
309 1929 387 1982 Quod
396 1931 523 1995 quispiam
537 1932 624 1996 ignem
659 1933 705 1984 Sul
714 1933 838 1996 exsiccat,
853 1931 934 1995 trigue
951 1929 1092 1992 contrahit,
1108 1926 1187 1978 erud·

95 2009 211 2066 qumat3
237 2002 355 2068 extingui
377 2006 446 2068 volo,
466 2008 509 2056 Ne
526 2021 623 2057 caueae
659 2008 840 2057 tioextennat.

95 2077 159 2140 quid
170 2078 215 2140 ait,
232 2092 279 2127 cur
296 2085 323 2128 te
342 2081 476 2146 quiequam
493 2083 624 2154 quaeritet.
693 2087 723 2133 ll
741 2079 849 2143 Pituita]
876 2078 1188 2142 Diaereeie,uteumailu·

95 2154 175 2215 Nam,
196 2153 216 2202 ei
233 2153 301 2216 ignia
323 2155 403 2218 viret,
423 2166 452 2206 tu
468 2158 624 2220 extinguere
660 2171 701 2207 am
712 2156 794 2205 tribur
810 2155 915 2218 syllable
936 2155 1059 2204 dicimur:
1077 2167 1135 2201 narn
1147 2151 1187 2214 pi·

92 2229 260 2292 extempulo!
286 2231 527 2281 Occarionemvere
540 2230 624 2295 praefi·
659 2231 728 2281 trita
738 2229 892 2279 naturaliter
901 2226 1061 2290 trisyllabum
1070 2233 1118 2276 eet.
1130 2226 1186 2275 Ho-

93 2305 216 2354 dentibnr
236 2304 379 2355 hominibna
399 2303 557 2376 depravandi
573 2305 624 2356 lori
660 2311 709 2355 rat.
719 2305 727 2331 ⁴
737 2304 875 2367 Praecipue
885 2317 969 2361 raum,
980 2300 1028 2350 uiri
1037 2314 1095 2348 cum
1107 2299 1187 2363 pitul-

95 2381 171 2431 dedit
182 2380 302 2443 ignorata
313 2380 351 2442 ¹vir
363 2382 499 2446 particulae
508 2385 516 2412 ‘
525 2383 600 2437 Quod
608 2382 626 2445 ς’
661 2386 689 2430 ta
700 2376 878 2428 molestaret!

95 2471 147 2521 qna
160 2455 202 2505 irie
212 2470 291 2505 senex
301 2456 408 2522 indicat,
424 2459 446 2508 el
457 2459 524 2523 quie,
540 2465 570 2509 ut
586 2460 624 2510 in·
693 2459 725 2504 19
742 2454 830 2504 Purior
840 2451 928 2516 rutilo]
944 2454 1186 2503 summamveteree

95 2530 624 2600 tervieinoemeelet‚ignemqnoerereee
660 2531 802 2596 puritatem
829 2528 979 2579 tribuebant
1009 2528 1065 2577 eali.
1109 2522 1188 2577 Ouid.

96 2607 177 2669 dieat,
188 2607 267 2657 nihilo
278 2608 358 2670 magia
370 2622 401 2658 ea
413 2609 446 2658 de
465 2623 558 2666 canera
570 2610 623 2659 vel·
659 2608 750 2658 ‘Mica
771 2607 831 2657 ralia
850 2606 908 2670 puri
926 2604 1082 2669 pacificabat
1095 2600 1188 2653 heroa}

95 2683 123 2731 la
133 2681 216 2744 iprum
227 2681 373 2744 intromitti,
381 2682 457 2733 immo
466 2683 532 2733 velle
543 2682 624 2732 etiam
661 2682 750 2733 Idem:
765 2682 832 2732 ‘Far
842 2689 908 2744 erat,
917 2688 944 2731 et
954 2680 1012 2744 puri
1021 2679 1108 2728 lucida
1119 2677 1189 2727 mica

96 2757 183 2820 ignem
199 2755 327 2819 extingui,
345 2762 376 2806 ut
394 2757 476 2806 omnir
495 2755 624 2820 ejurmodl
661 2756 739 2807 ralis!
773 2756 866 2807 Horat.
883 2757 992 2820 ‘purum
1010 2761 1039 2803 et
1056 2756 1114 2803 rina
1128 2751 1188 2802 labe

96 2832 328 2882 tollatnroeeaeio.
348 2830 495 2896 Atqnelroe
508 2837 624 2881 nontam
662 2829 793 2882 aelirum’
836 2829 928 2880 Idem:
956 2829 1024 2880 ‘eui
1051 2835 1189 2891 paternum

95 2906 182 2956 verbie
193 2907 312 2969 exprimi,
332 2919 407 2970 quam
418 2906 526 2969 prolatis
538 2919 624 2955 exem·
660 2907 788 2971 Splendet
799 2906 825 2954 in
835 2920 925 2955 mensa
937 2903 1007 2954 tenni
1018 2901 1141 2953 salinum!

97 2980 385 3045 pliapatefieriputeet.
402 2979 625 3043 PlautipreAei·
692 2985 725 3032 26
743 2982 778 3030 Et
788 2980 909 3041 udentia]
941 2976 1189 3028 Sciandaenmre·

96 3056 186 3105 naria:
202 3055 338 3105 ‘Alienum
356 3054 485 3119 hominem
498 3053 624 3104 lunonrit·
662 3057 814 3122 preliantem
826 3067 881 3103 eree
900 3068 915 3100 a
933 3051 1031 3113 multia,
1049 3049 1119 3113 qnod
1137 3062 1190 3098 aaa·

96 3137 136 3180 tat
152 3130 187 3180 ad
207 3144 235 3179 ae
251 3130 386 3179 neminem.
420 3128 497 3183 Quod
516 3129 562 3178 illa
580 3134 625 3179 aut
662 3129 744 3181 tertia
782 3133 811 3176 et
849 3126 983 3176 aertertioe
1016 3123 1190 3185 dietinxlttet,

97 3207 207 3257 amicum
217 3219 285 3268 eum,
296 3213 342 3254 aut
352 3208 488 3268 patronum
498 3204 625 3265 nominet,
662 3202 864 3265 tradidirretque
884 3201 985 3264 ringula
1006 3198 1128 3251 reetertia
1144 3212 1189 3249 va·

98 3280 234 3344 Artquod
250 3280 295 3328 illa
313 3279 402 3329 amleoe
415 3283 556 3341 amatorem
568 3292 625 3327 eree
662 3280 716 3329 lere
727 3278 796 3327 mille
808 3277 936 3327 restertiir
955 3276 1079 3327 nummii:
1096 3281 1124 3325 at
1139 3289 1190 3338 ego

98 3357 234 3421 praedicet,
240 3358 318 3421 lieret
324 3357 435 3407 occlusa
443 3355 496 3406 eint
503 3357 625 3421 omnibu',
662 3368 719 3416 eor,
729 3352 772 3418 qui
783 3352 904 3402 reatertia
913 3358 941 3402 et
948 3352 1082 3402 sertertioe
1091 3365 1138 3416 pro
1147 3365 1190 3402 eo-

97 3434 147 3483 uirl
166 3432 231 3483 tibi!
269 3434 305 3482 Et
315 3446 367 3482 ιιιιο
379 3446 453 3482 ιιιιιιι
469 3431 623 3496 interjecto:
662 3430 721 3480 dem
734 3428 876 3491 accipiunt,
885 3428 962 3491 longe
972 3428 1041 3491 ipeoe
1049 3439 1138 3475 errare
1147 3438 1190 3475 ar·

95 3508 169 3559 ‘Aut
179 3508 248 3572 quod
259 3508 304 3558 illa
315 3507 387 3558 dieat
404 3520 511 3570 peregre
521 3508 624 3557 allatam
662 3504 761 3563 bitror,
774 3517 833 3552 uam
844 3503 900 3566 quie
913 3501 1017 3552 tandem
1028 3500 1129 3563 eredat,
1139 3500 1191 3551 Fu·

98 3583 247 3648 epistulam,
273 3583 317 3634 Ne
338 3582 451 3647 epistula
470 3581 574 3645 quidem
591 3583 626 3632 rit
662 3578 806 3629 riumlrnne
817 3590 869 3627 uon
885 3578 943 3640 plur
961 3577 1011 3626 eibi
1029 3582 1119 3639 optare
1129 3576 1190 3625 aoli-

97 3661 150 3710 nlla
171 3659 198 3708 ln
219 3657 336 3708 adibus?
369 3656 442 3708 Idem
463 3657 561 3718 Milite,
580 3657 626 3721 qni
663 3662 717 3706 tum
732 3653 903 3717 adiir,qnanr
923 3651 1190 3703 eentumeertertioa?

99 3733 300 3786 etiamloeueiu
321 3732 453 3796 imprerria
469 3731 626 3796 depravatur
663 3731 745 3780 multo
760 3743 821 3779 vero
842 3727 948 3778 divitior
970 3727 1073 3788 firieeet,
1094 3726 1117 3775 ai
1137 3738 1191 3774 mn·

97 3817 155 3860 eat:
172 3809 181 3839 ⁸
194 3810 330 3872 Quemque
338 3823 354 3856 a
363 3807 446 3857 milite
458 3807 500 3857 liic
509 3805 626 3856 videritis
663 3810 732 3853 neta
741 3810 836 3852 neutra
847 3809 900 3852 trer
912 3816 1003 3852 anreoe
1014 3813 1137 3860 remmon,
1145 3802 1192 3849 ent

97 3885 224 3935 homiuem
236 3882 264 3933 in
275 3882 369 3932 noetria
379 3882 483 3945 tegulir,
499 3883 582 3930 Extra
597 3895 626 3929 u·
664 3883 741 3947 paulo
755 3883 863 3946 ampliur
878 3883 1027 3936 habuireet:
1046 3875 1114 3926 infra
1128 3888 1191 3937 que·

97 3974 158 4011 num
174 3959 372 4011 Palaestrionem
382 3959 450 4007 hune
459 3956 625 4008 deturbatote
664 3948 1191 4021 que,inEpigrammatr,‘Auteodermihi

98 4038 214 4089 inviam.
248 4037 323 4091 Quod
335 4038 380 4087 ille
392 4036 510 4100 gallinam
528 4041 573 4087 aut
583 4049 626 4087 eo·
663 4034 744 4083 redde
763 4032 854 4083 deeem
872 4029 991 4082 reetertia
1009 4022 1087 4085 Silo;'
1108 4023 1191 4075 credi·

27 4173 29 4177 ,
98 4110 527 4178 lambamreeeetari,auteimlam
537 4109 626 4173 Dicat,
664 4108 859 4182 maureium,
876 4105 997 4155 riderem
1008 4099 1122 4155 modoei
1140 4114 1192 4153 aar·
