2752 4694
189 314 254 397 762
533 341 641 393 uuna
666 343 866 394 rmnrouuu
891 341 931 392 ru

186 483 348 538 ‘calathum'
370 490 474 546 vocant,
496 499 511 533 a
532 483 715 545 similitudiue3
783 479 910 548 Pru'olpit
925 484 998 534 nulus
1015 484 1117 535 muricis
1134 499 1191 537 esse
1209 488 1284 538 bubl-

189 578 248 629 quoe
259 576 319 610 mox
330 560 398 610 foliis
406 560 433 609 in
443 559 569 609 ambitum
581 559 641 608 lule
652 558 716 608 late·
817 567 881 609 tum.
1248 624 1251 629 ν

187 650 239 702 que
256 636 385 700 expansis,
402 635 535 684 imminere
553 634 715 697 praenunciat
750 635 912 685 Momentum
923 637 1057 699 intererat,
1066 651 1116 702 quo
1131 652 1159 687 se
1176 652 1286 689 nascen-

186 728 273 764 cusum
296 727 379 773 suum,
405 717 537 761 ostentans
557 711 643 760 brevis
665 710 715 760 aevi
815 709 952 761 tiaflorum

186 787 283 839 florem.
318 788 391 837 Lusit
401 794 429 836 et
440 787 488 835 boc
500 793 652 849 argumento
664 785 714 836 Au·
783 784 907 835 Germina
936 787 1099 850 compuribus
1132 788 1283 841 diuiderent

186 863 281 924 eonius,
298 862 364 927 (sive
379 861 512 926 quisalius
531 862 618 924 potius
636 862 713 910 Scbo·
815 861 917 924 spatiis.

183 939 289 988 tosticus
305 937 397 1001 poeta:
415 951 474 985 uam
493 935 634 1000 Eidyllium
653 938 712 998 boc,
750 935 817 986 Haec
844 937 912 987 viret
934 942 1041 1002 angusto
1063 937 1184 988 foliorum
1207 946 1283 991 tecta

183 1019 211 1064 et
222 1013 339 1078 quaedam
351 1013 401 1061 alia
412 1012 527 1075 ejusdem
537 1010 593 1061 fere
604 1026 714 1062 comma·
814 1013 917 1074 galero:

184 1091 220 1140 tir
230 1089 361 1154 poematia
372 1088 437 1137 falso
448 1083 492 1136 diu
506 1086 609 1137 credita
625 1088 714 1137 Meroe
780 1088 857 1138 Hauc
878 1091 949 1139 tenui
978 1088 1039 1138 folio
1060 1104 1175 1154 purpura
1201 1091 1282 1142 rubra

182 1163 451 1228 niresse‚)iu1losar.
485 1163 560 1214 Quod
572 1163 712 1225 Eidyllium
813 1171 895 1214 notat

183 1248 275 1306 totum,
296 1242 357 1306 quia
376 1241 515 1290 bellissima
536 1240 640 1289 occasio
662 1247 713 1301 est,
748 1239 814 1289 Haec
826 1241 911 1304 aperit
922 1241 996 1304 primi
1007 1239 1112 1303 fastigia
1129 1240 1199 1289 celae
1214 1240 1281 1290 obe·

183 1319 281 1383 aliquot
292 1318 356 1368 locis
366 1331 382 1366 a
392 1331 432 1365 me
444 1316 638 1378 interpolatum,
654 1314 711 1363 beic
811 1315 876 1366 liaci.

183 1393 336 1443 adscribam.
778 1390 931 1440 Macronem
944 1381 1078 1441 absolvens
1094 1391 1220 1456 purpurei
1237 1406 1281 1442 ca-

288 1484 371 1521 nosa.
393 1484 547 1520 mutuarum
566 1485 603 1519 vr.
813 1468 885 1531 pitis.

163 1540 244 1600 'Vna
256 1555 328 1597 erat:
346 1555 374 1597 et
397 1545 492 1597 blando
508 1546 645 1596 morientia
665 1544 710 1595 fri·
745 1541 1281 1592 Verticecolleclosillaexsinuabatamic·

244 1636 403 1686 goramorsu
811 1625 862 1681 tur,

213 1700 336 1764 spirabat
346 1697 438 1749 croceo
448 1712 523 1746 mane
533 1696 709 1747 revectadies.
777 1694 836 1744 Jam
856 1693 986 1743 meditans
1005 1692 1075 1743 foliis
1092 1707 1120 1742 se
1139 1706 1279 1742 numerare
1313 1702 1317 1709 ’

179 1775 299 1824 Strictim
317 1775 385 1823 Eoos
400 1781 570 1836 praecesserat
588 1787 650 1822 aura
666 1773 708 1836 ju·
812 1770 874 1819 suis.

245 1849 326 1911 galee,
746 1845 806 1895 Neo
818 1862 902 1909 mora;
920 1848 1030 1898 ridentis
1040 1847 1136 1898 calathi
1148 1845 1280 1911 patefecit

211 1923 708 1986 AEstiferumsuadensauticiparediem.
809 1922 942 1987 bonorem,

160 1991 164 1997 ’
180 2000 305 2051 Errabum
317 2000 397 2063 riguis
408 2014 456 2063 per
466 1998 582 2063 quadrua
593 2000 708 2062 compita
777 1998 896 2048 Prudens
905 2000 995 2048 inclusi
1004 2000 1278 2050 seminedeusucroci:

143 2062 151 2079 “
243 2077 270 2125 in
280 2076 369 2135 bortis,
469 2074 473 2081 ’
744 2071 785 2123 Ac
801 2075 877 2123 modo
897 2090 955 2138 quae
972 2082 1029 2123 toto
1047 2075 1201 2123 rutilaverat
1217 2073 1278 2136 igne

211 2153 317 2202 Maturo
328 2150 434 2214 cupiens
445 2164 487 2198 me
498 2155 620 2212 vegetare
632 2147 683 2197 die.
759 2150 764 2163 ⁴
811 2162 952 2210 comarum,

176 2227 239 2278 Vidi
247 2234 382 2278 concretas
391 2240 438 2290 per
447 2226 564 2289 gramina
571 2222 640 2272 fiexa
648 2237 707 2286 pru·
777 2222 877 2271 Pallida
886 2223 1007 2287 collapsis
1018 2223 1146 2272 deseritur
1156 2221 1234 2271 follis.

182 2302 185 2309 '
242 2303 298 2352 inas
607 2292 612 2299 ’
744 2297 860 2348 Mirabar
871 2300 983 2348 celerem
993 2297 1106 2362 fugitiva
1116 2305 1194 2348 utute
1207 2299 1278 2362 rapi·

189 2376 191 2381 ·
209 2367 339 2427 Pendere,
351 2372 396 2414 aut
408 2365 505 2413 olemm
517 2368 587 2412 stare
597 2362 707 2411 cacumi·
808 2387 867 2421 nam
874 2389 882 2432 3

241 2441 324 2490 uibus.
776 2448 811 2496 Et
821 2447 882 2496 dum
894 2444 1043 2510 nascuntur,
1054 2449 1219 2498 consenuisse
1235 2464 1278 2498 ro·

177 2519 298 2570 caulibus
309 2525 337 2568 et
349 2518 443 2580 patulis
463 2523 559 2566 teretes
575 2514 706 2564 colludere
809 2538 860 2572 gas,

226 2598 338 2659 guttas,
743 2599 813 2648 Ecce
830 2605 859 2647 et
878 2597 985 2648 defluxit
1003 2599 1073 2649 rutili
1089 2614 1162 2649 cuma
1177 2601 1276 2663 punica

191 2682 194 2688 '
208 2672 244 2719 Et
252 2670 362 2719 eoelestis
373 2681 448 2732 uquae
458 2667 570 2730 pondere
581 2674 642 2714 tuuc
651 2679 707 2728 gra·
807 2672 889 2737 floris,

239 2744 320 2793 uides.
775 2749 841 2797 Dum
853 2751 957 2815 loquor:
970 2757 999 2800 et
1010 2752 1087 2801 tellus
1098 2757 1170 2801 tecta
1179 2752 1275 2802 rubore

174 2820 236 2870 Vidi
247 2820 370 2870 Paestano
381 2817 494 2869 candere
505 2818 601 2867 rosaria
612 2817 694 2879 cultu,
806 2822 896 2874 micat.

206 2895 347 2944 Exoriente
359 2908 425 2943 uovo
436 2892 540 2941 roscida
551 2891 681 2942 Lurcifero.
741 2898 791 2948 'lot
808 2901 918 2963 species,
929 2907 1064 2966 tantoque
1084 2908 1165 2966 ortus,
1180 2904 1276 2953 varios.

174 2972 243 3022 Rara
263 2971 391 3036 pruinosis
411 2969 522 3019 canebat
542 2967 703 3032 gemmafrn·
807 2984 987 3038 qneuovatus,

238 3049 311 3111 tetis,
773 3051 832 3098 Una
843 3050 899 3100 dies
917 3052 1012 3115 aperit,
1028 3053 1134 3104 coniicit
1143 3069 1194 3103 una
1205 3054 1273 3106 dies.

153 3148 156 3155 ·
205 3128 246 3177 Ad
259 3127 334 3192 primi
345 3126 430 3176 radios
441 3122 580 3173 interitura
591 3122 640 3171 die.
741 3124 936 3190 Conqueriruur‚
957 3128 1071 3192 Natura,
1093 3129 1178 3178 brevis
1201 3131 1273 3195 quod

171 3202 336 3264 Ambigatus,
355 3205 494 3263 raperetue
516 3197 581 3245 rosis
601 3196 702 3245 Aurora
804 3201 889 3264 gratia
899 3199 990 3252 florum
1002 3212 1057 3253 est:

203 3275 333 3337 ruborem,
772 3276 914 3326 Ostentatu
925 3279 1004 3327 oculis
1015 3279 1084 3329 illico
1095 3279 1164 3328 dona
1174 3281 1253 3344 rapis.

203 3348 246 3399 Au
265 3348 350 3411 daret,
368 3355 396 3397 et
416 3345 492 3396 flores
512 3346 624 3409 lingeret
642 3352 701 3396 orta
738 3354 822 3404 Quam
834 3354 911 3416 longa
922 3354 1121 3420 unadies3aetas
1132 3356 1272 3419 tamlougn

157 3488 160 3495 Ι
235 3423 300 3472 dies.
445 3493 448 3499 ,
802 3444 935 3490 rosarum3

158 3501 222 3557 ‘Ros
233 3514 309 3563 unus,
316 3499 388 3548 color
404 3512 477 3561 unus,
487 3504 515 3548 et
530 3511 608 3549 uuum
623 3513 699 3549 mane
768 3505 840 3556 Quas
860 3506 1032 3573 pubescentes
1051 3508 1144 3571 juncta
1164 3514 1271 3560 senecta

234 3575 359 3625 duorum:
800 3582 902 3642 premit.

202 3651 301 3702 Sideris
321 3657 349 3700 et
365 3650 436 3700 floris
455 3665 514 3700 nam
532 3651 636 3701 domina
648 3666 700 3702 unu
737 3657 820 3708 Quam
837 3655 913 3704 modo
926 3664 1075 3707 nascentem
1097 3660 1189 3708 rutilus
1206 3673 1272 3710 oon·

231 3730 329 3779 Venus.
501 3794 505 3800 ἰ
800 3730 888 3793 spexit
898 3731 978 3794 Eous,

169 3802 267 3858 Forsan
279 3812 307 3855 et
318 3821 382 3856 unus
393 3806 472 3867 odor3
490 3806 536 3855 sed
550 3806 643 3856 celsior
652 3805 697 3854 ille
767 3805 844 3856 Hanc
865 3807 968 3856 rediens
990 3822 1048 3858 sero
1070 3823 1179 3872 vespere
1201 3811 1270 3862 vidit

232 3896 281 3945 per
290 3895 365 3930 auras
800 3898 887 3932 anum.
925 3886 932 3895 “

174 3964 177 3969 ’
198 3955 334 4006 Diffiatur:
351 3957 433 4020 spirat
443 3957 574 4020 proximus
583 3957 634 4005 iste
645 3960 697 4007 ma·
723 3952 785 4010 'Sed
798 3962 873 4024 bene,
892 3961 971 4026 quod,
991 3962 1080 4024 paucis
1095 3962 1158 4013 licet
1176 3963 1269 4014 interi-

154 4097 158 4103 ·
231 4033 280 4094 gis.
445 4094 449 4101 Ι
799 4037 970 4098 turadlebns,

168 4106 315 4156 &musonis
337 4106 437 4170 Paphie
462 4103 518 4156 Dee
543 4104 646 4170 sideris,
668 4115 696 4158 et
765 4112 914 4162 Succedens
940 4125 1023 4162 aevum
1059 4121 1183 4178 prorogat
1196 4112 1268 4179 'ipsa

225 4180 384 4244 'Deafloria
789 4185 880 4238 auum.
