2752 4694
383 329 434 375 su
460 328 623 376 veunnss
648 329 914 376 runvlormuu.
1130 315 1195 379 789

91 469 169 518 bitrio
191 468 307 516 salutari.
340 468 471 516 Ceterum
494 481 571 533 quum
594 473 623 518 et
660 468 776 516 Tametsi
797 482 919 532 namque,
938 469 980 533 (ut
1003 475 1044 518 est
1060 471 1086 518 in
1106 470 1195 519 Secul.
1267 489 1271 498 ·

91 558 167 593 versu
179 544 227 593 hoc
238 548 279 593 ut.
295 551 324 592 et
335 541 499 592 antecedenti
511 547 552 592 32.
572 545 624 593 Cu·
662 542 758 592 catulli
792 543 878 592 Carm.
913 542 945 591 ud
977 543 1044 593 hanc
1078 544 1195 608 Divom)

92 618 156 683 pido
165 619 268 690 inermis
278 617 386 680 feratur,
406 618 451 682 qui
466 619 558 667 saltem
578 619 624 666 ali·
661 618 668 643 ‘
681 616 774 664 Diome
787 615 856 665 soret
867 617 892 672 iu
910 616 962 666 fide
982 618 1077 668 Puella
1088 625 1115 668 et
1127 629 1193 682 puer

91 694 244 758 quantisper
270 707 342 741 arma
368 692 504 755 posuerit;
531 692 623 741 mirum
661 690 776 753 integer:
795 691 890 740 Dianae
911 692 972 741 lrinc
996 695 1070 755 pueri
1096 694 1195 757 integri

91 783 153 818 saue
169 776 219 828 est,
234 768 278 832 qui
294 768 410 817 Deorum
428 781 541 816 summus
557 766 623 830 Jup·
660 767 812 831 Puellosque
846 767 992 817 cauebant:
1029 769 1054 818 0
1083 770 1196 820 Latonia

90 844 161 907 piter
182 844 257 906 plane
273 849 422 892 exarmatus
439 842 559 904 praesumi
580 856 623 891 vs·
661 841 770 890 Maximi
803 841 899 904 Magna
932 843 1070 906 progenies
1107 843 1193 904 ioris,

90 919 154 980 leat,
169 917 293 981 siquidem
306 916 428 965 vindictae
439 915 508 965 foret
524 917 623 967 studio·
661 917 744 968 Quam
757 917 846 965 Meter
866 931 947 980 prope
968 917 1070 966 Deliam
1082 918 1194 980 Deposi·

90 994 148 1044 sior.
182 994 263 1042 Plane
275 992 354 1055 igitur
366 991 490 1062 adversus
501 991 622 1054 majesta·
660 991 698 1039 vit
724 990 835 1040 olivam:
861 991 989 1040 Montium
1022 992 1135 1040 Domina
1164 998 1195 1041 ut

91 1075 144 1117 tem
160 1068 278 1118 Numinis
288 1074 330 1116 est
340 1081 391 1115 non
403 1080 474 1114 enno
490 1065 622 1128 deserere,
659 1065 738 1127 fores,
761 1067 939 1131 Silvarumque
966 1067 1115 1130 virentium,
1140 1068 1196 1118 Sal·

89 1143 135 1192 sed
146 1143 178 1192 ab
191 1143 268 1192 armis
279 1142 373 1191 deseri.
399 1140 627 1199 Qrsemadmodum
660 1149 785 1204 tuumque
800 1141 1002 1203 reconditorum,
1020 1140 1193 1206 Amniumqus

90 1218 194 1282 quidem
208 1217 378 1267 communiter
394 1215 431 1264 lta
449 1215 546 1264 Nason.
565 1229 623 1264 rer·
659 1216 814 1266 sonantum’
840 1217 918 1266 Nunc
931 1223 1017 1266 tamen
1029 1216 1128 1266 eedem
1143 1218 1195 1266 vir·

89 1295 183 1343 siculus
198 1295 275 1343 Trist.
291 1292 337 1341 lib.
349 1305 380 1341 ιι.
402 1291 428 1340 in
446 1304 491 1339 ore
508 1290 620 1339 omnium
660 1294 731 1356 gines
750 1298 778 1341 et
796 1291 888 1355 puellae
904 1291 1020 1341 camdem
1033 1292 1141 1340 veniunt
1152 1306 1193 1343 ιιι-Ι

88 1369 234 1431 sonet,‘Si
249 1367 352 1435 quoties
368 1372 480 1429 peccant
496 1364 621 1422 homiues,
659 1377 748 1432 garum
771 1369 893 1430 Dianam,
915 1375 944 1418 ut
966 1368 999 1417 de
1018 1381 1124 1417 nemore
1142 1369 1193 1418 hoc

89 1459 136 1494 sus
148 1443 257 1494 fulmina
273 1442 361 1491 mittat
377 1441 509 1505 duppiter,
525 1442 621 1505 exiguo
660 1445 804 1508 paulisper,
816 1444 926 1507 jureque
949 1456 996 1492 suo
1017 1441 1124 1503 cedens,
1146 1444 1193 1493 det

88 1530 206 1584 tempore
224 1520 328 1570 inermis
339 1517 406 1568 erit!
439 1518 492 1568 Ubi
506 1520 558 1568 Μι.
574 1519 621 1568 So·
659 1523 743 1572 locum
757 1519 1193 1584 Veneri:uonquoduouetedern

87 1597 236 1661 phologium
270 1595 364 1646 Jacobi
391 1595 481 1658 Magni
515 1595 562 1645 lib.
589 1608 621 1644 11.
660 1597 789 1661 Nymphae
809 1603 860 1644 tum
881 1594 983 1658 pudicae
995 1602 1093 1658 essent,
1113 1609 1191 1658 quam

87 1674 176 1722 uram.
188 1676 212 1721 3.
230 1686 288 1735 cap·
299 1674 324 1730 l.
341 1671 375 1719 de
392 1669 575 1719 Misericordia
592 1675 622 1730 el
658 1675 716 1738 ipsa
727 1674 813 1724 forsan
825 1674 1010 1737 Diaustipsns
1020 1681 1107 1722 tamen
1120 1680 1194 1721 tenes
1259 1662 1267 1676 ’

87 1749 156 1799 Just.
173 1759 297 1810 expresse
315 1743 432 1808 praefert,
449 1746 539 1794 ‘mitis
553 1744 621 1794 erit-⁹
659 1751 742 1800 riores
754 1751 887 1814 regeritet
897 1750 1027 1799 molliores
1037 1763 1103 1811 esse,
1114 1763 1198 1819 quem·

87 1824 164 1875 Quod
173 1823 290 1885 opposite
298 1834 399 1885 quoque
409 1820 493 1868 versui
501 1820 620 1884 sequenti
658 1842 717 1890 qua
736 1826 886 1889 sanguinem
904 1834 931 1874 et
950 1833 1064 1888 stragem
1076 1824 1190 1877 ferarum

87 1898 236 1961 respondet.
285 1896 338 1945 Hic
365 1902 407 1944 est
432 1897 503 1944 enim
530 1910 620 1945 sensus
657 1902 684 1949 in
704 1909 798 1951 venatu
820 1899 891 1950 ferre
907 1910 1029 1964 nossent,
1045 1901 1109 1950 alias
1131 1902 1189 1964 ipsa

88 1973 187 2037 ovidii,
206 1973 234 2022 Si
251 1972 355 2035 justitia
371 1971 458 2020 divina
476 1973 620 2034 praevalere
658 1990 760 2042 quoquc
772 1978 859 2026 Venus
873 1978 966 2026 Divum
985 1978 1093 2027 alteram
1113 1976 1191 2026 facile

86 2049 213 2111 deberet„
229 2053 284 2096 tum
307 2048 380 2095 Deus
402 2061 460 2095 raro
482 2046 619 2098 admodum
658 2059 800 2116 pateretur.
825 2053 1189 2116 erunamquetempestirae

86 2125 128 2172 rel
139 2137 276 2186 numquam
289 2120 435 2170 misericors
446 2134 503 2169 esse
514 2127 620 2183 possets
657 2135 734 2175 eraut
746 2125 858 2188 virgines
870 2125 902 2174 sd
918 2126 1075 2188 nubendum,
1093 2126 1144 2176 illae
1163 2128 1189 2175 in

86 2214 145 2249 cum
158 2207 243 2248 tamen
255 2205 282 2247 et
297 2197 330 2246 de
346 2195 534 2246 consuetudine
545 2202 573 2245 et
585 2195 618 2245 de
657 2215 728 2251 more
740 2200 869 2250 habebant
888 2201 1028 2250 canistrum
1049 2200 1117 2250 ferre
1129 2202 1191 2250 Die·
1229 2256 1233 2260 ,

86 2281 180 2325 ustura
199 2274 238 2322 vel
259 2273 373 2323 essentia
390 2272 509 2324 Numinis
531 2273 575 2333 sit,
590 2279 620 2322 ut
657 2291 708 2336 use,
723 2279 773 2326 llic.
808 2276 942 2338 iuterpres
960 2276 1092 2325 'l'lseocriti
1112 2276 1190 2340 luylt.

85 2350 270 2401 misericordiae
291 2349 387 2412 potius,
412 2362 488 2412 quaro
504 2347 618 2410 justitiae
657 2365 687 2400 ιι.
705 2350 739 2400 ad
749 2350 937 2414 sesquirersum
949 2351 1030 2406 illum,
1041 2349 1111 2399 'lind
1125 2350 1141 2400 i
1156 2353 1190 2401 rs‘r

86 2426 209 2488 studeet;
232 2426 291 2476 irinc
302 2424 393 2474 sudum
404 2423 522 2474 crebrius
538 2431 618 2486 utque
655 2422 1190 2489 ΕὐβούλοιιιιιιηφόριιᾶμμινἈνιιξὸἈλσοι

85 2503 184 2552 diutim
208 2503 301 2552 coelum
323 2515 380 2550 esse
403 2501 512 2563 patitur,
540 2498 619 2548 infre·
656 2503 692 2551 ir*
710 2499 858 2566 ’Aprimioet
877 2501 917 2550 Aa
935 2501 1190 2552 luouraDiuroeoertt't

84 2579 205 2643 orientius
216 2583 292 2628 tonet
303 2585 383 2641 etque
395 2577 524 2636 fulminet,
539 2576 619 2640 idque
657 2578 804 2643 Eubulijiiiu
814 2576 922 2638 eistiiero
931 2576 996 2627 ruiis
1004 2576 1100 2627 Amo.
1117 2577 1189 2627 'Ero-

85 2655 181 2719 cxiguo
192 2654 316 2717 temporis
333 2653 437 2716 spatio:
457 2653 465 2681 ‘
479 2653 555 2703 Nunc
574 2652 619 2702 ubi
655 2654 767 2719 ιηφόροιιν
777 2653 802 2704 δὲ
812 2655 847 2719 τῇ
856 2651 970 2718 Ἀρτέμιδι
981 2653 1007 2702 ui
1017 2653 1078 2717 ὥραν
1090 2652 1190 2716 ἔχουσαι

84 2730 215 2789 detonuit,
239 2728 404 2791 strepituque
427 2727 555 2777 exterruit
578 2741 618 2776 or·
654 2730 739 2794 ydriae,
759 2731 837 2794 ὥσπερ
861 2729 1046 2790 immaduerat
1069 2729 1122 2793 περ)
1145 2733 1188 2788 ιῆι

84 2805 155 2868 bem,
171 2805 274 2854 *Purum
302 2804 423 2853 discussis
448 2804 510 2852 aira
532 2803 619 2853 reddit
654 2807 774 2869 παρθενίας
790 2808 822 2869 mi
838 2807 891 2867 ieri,
904 2803 1097 2868 ῐνιιμὴόργισθῇ
1106 2806 1187 2855 circis

83 2881 167 2946 equis.
199 2881 265 2933 Jure
276 2880 355 2942 igitur
367 2879 521 2941 genitorque
533 2878 617 2926 Deum
652 2877 1078 2946 μιιιιιιύσιιιιτὸλοιιιδιφθείρισθιιιι
1098 2880 1188 2928 Diona

84 2963 222 3021 rectorque
239 2952 365 3013 vocatur,’
382 2956 432 3002 irc.
449 2953 467 3003 i.
479 2967 504 3002 e.
521 2958 551 3002 ut
567 2951 619 3002 Ac·
654 2956 769 3005 mistros
785 2955 902 3016 gerelmi
919 2954 1021 3013 nubiles,
1039 2954 1107 3016 quusi
1128 2955 1187 3003 Deir

83 3033 139 3082 cins
150 3032 177 3080 in
188 3027 298 3079 Bacchis
315 3027 394 3077 ctiam
405 3027 550 3076 Trochaico
561 3027 618 3076 red·
653 3045 696 3094 pro
712 3028 855 3089 uirginitate
871 3030 1045 3090 respondentes,
1060 3043 1090 3077 ne
1099 3030 1188 3078 irosce.

83 3106 277 3173 ‹lidltzn‘Saepe
285 3102 408 3166 splendet
418 3102 496 3163 idem,
507 3116 538 3151 ec
549 3101 617 3153 idem
653 3111 720 3155 retur
737 3105 798 3168 ipsis
815 3104 841 3152 ιἰι
861 3109 981 3166 ριιιειιιιιι
1002 3105 1186 3166 corrumpendis.

83 3182 177 3233 nimbis
195 3179 325 3230 interdum
342 3178 445 3242 nigret!
476 3178 618 3240 eomparet
654 3181 771 3245 Indeque
783 3194 860 3242 porro
873 3186 931 3242 post
940 3179 1007 3227 liuor
1018 3192 1118 3227 versum
1127 3179 1187 3228 ulti·
1272 3230 1275 3236 ,

83 3257 145 3307 musi
162 3271 225 3306 vero
241 3253 334 3317 aliquis
353 3253 409 3302 brec
426 3252 484 3315 ipsa
502 3267 559 3301 cum
572 3252 617 3301 illo
654 3271 732 3319 mrim,
747 3256 824 3306 olium
837 3255 863 3304 iu
875 3270 921 3304 suo
933 3256 1077 3319 exemplari
1089 3257 1188 3319 reperit

81 3332 227 3393 ‘inermis,'
248 3340 277 3381 et
304 3330 388 3379 suiuus
414 3331 545 3379 colraerere
569 3330 616 3379 hoc
654 3331 805 3380 Salmasius.

82 3408 255 3460 tetrastichon
267 3405 471 3468 conspicabitur.
564 3458 566 3462 μ
684 3411 718 3457 it)
735 3407 870 3470 lpsuoeiiei
888 3410 1021 3469 irrogare,
1038 3407 1060 3456 si
1076 3408 1187 3470 pudicum

116 3489 150 3534 ull
168 3484 311 3541 Gratanter,
322 3481 364 3544 qui
374 3495 499 3544 numquam
510 3482 616 3539 umorit,·
646 3482 770 3546 flecteret,
788 3483 845 3545 ipsu
856 3481 934 3541 uellet,
951 3485 978 3530 al
997 3482 1096 3544 uenires,
1112 3482 1186 3531 sitle-

81 3562 168 3626 quiqur
190 3559 289 3619 ιιιιιιιιίι,
316 3572 370 3607 eros
395 3562 467 3608 umet.
503 3557 617 3620 Compori
652 3563 715 3607 cerel
740 3555 873 3618 Virginem]
890 3556 963 3605 Pith.
983 3557 1032 3605 huc
1051 3558 1187 3627 transtulit

87 3638 165 3687 Versus
173 3633 547 3698 purioremitiiiadteoirgines:
562 3634 616 3683 Urso
653 3648 686 3682 ex
704 3639 812 3682 auctore
828 3631 961 3680 Polimatii
978 3631 1011 3679 de
1031 3631 1137 3680 Herone
1157 3639 1185 3681 et

81 3728 121 3762 res
130 3717 166 3761 esi
176 3727 246 3775 quum
256 3724 377 3772 rogemur,
390 3711 445 3771 rede
455 3711 523 3772 uirgo
534 3710 616 3773 Delio,
652 3706 782 3768 Leandro,
787 3701 904 3769 Παρθένον
911 3704 954 3753 oia
959 3702 1063 3753 ὶπέοιιιιι
1070 3703 1185 3766 ὑποδρήσ-

29 3844 34 3851 ,
86 3784 615 3845 Uinemussiiinoruenlsmdeferiuisslro·
652 3800 702 3831 σειν
722 3779 858 3845 Ἀφροδίτῃ,
881 3781 1032 3842 nordmannis
1048 3779 1075 3828 oi
1097 3778 1185 3843 Κύπρις

79 3863 162 3926 gion]
180 3863 211 3912 In
229 3863 277 3912 lrsc
287 3862 394 3923 strophe
405 3861 554 3924 adloquitur
560 3862 613 3925 jam
652 3857 756 3908 inuersa
773 3855 865 3906 lunuit
876 3863 963 3903 autem
972 3853 1107 3916 Pervigilil
1117 3855 1185 3904 Auc-

80 3941 164 3990 Deem
187 3939 320 4000 silvarum,
344 3943 374 3987 ut
403 3936 482 3987 Ovid.
504 3937 613 3987 Metam.
653 3942 703 3994 tor,
720 3933 788 3999 quod
812 3933 871 3995 ipss
886 3933 975 3980 Venus
999 3944 1100 3993 quoque
1121 3932 1185 3980 Dis·

80 4029 127 4066 ιιι.
150 4020 237 4076 voest,
263 4027 309 4062 seu
332 4013 521 4062 Nemoreusem
543 4012 613 4062 illam
652 4024 712 4059 usur
734 4014 845 4072 cuperet
866 4006 958 4055 adesse
978 4004 1086 4053 invitum
1103 4005 1185 4077 sacris

80 4092 202 4153 Diouem,
217 4089 244 4138 in
267 4090 336 4138 Delo
357 4094 456 4149 natam,
471 4095 500 4138 nt
521 4086 612 4137 abesse
651 4086 714 4148 suis,
737 4085 758 4133 si
782 4082 857 4132 modo
881 4081 938 4129 lroec
964 4080 1101 4144 quicquam
1123 4097 1182 4133 eum

80 4166 212 4230 mnruper
222 4165 345 4227 dignetur
356 4163 390 4214 ab
400 4164 448 4212 lroc
458 4165 525 4224 luco,
535 4176 613 4227 quens
649 4164 754 4211 Venere
765 4171 899 4210 commune
917 4156 1013 4207 hebere
1024 4157 1113 4218 vellet,
1129 4166 1184 4210 ets·

79 4245 188 4295 euitare
218 4241 331 4305 virgines
363 4239 488 4292 voluisset
514 4240 611 4292 Venus.
651 4253 701 4291 tuo-
709 4235 816 4291 decenti
825 4233 934 4301 pudore,
950 4240 1028 4299 atque
1041 4235 1182 4292 severitate
