2752 4694
89 451 1184 585 RECENSUSEDITIONUM

278 705 342 805 c.
368 707 657 803 venenu
683 705 998 806 cornuum

389 922 432 978 tol
448 922 518 977 SEX
534 923 680 979 AErnrns
697 925 886 980 bromton.

429 1170 493 1235 [ux
511 1165 572 1221 un.
588 1168 737 1228 mooun.
755 1172 842 1235 non]
887 1223 890 1229 ,

510 1284 777 1301 m

451 1415 565 1474 AETAS
587 1415 610 1474 1.
634 1415 825 1478 NATALlS.

129 1586 206 1648 1472
227 1577 326 1638 Editio
340 1577 491 1658 princeps,
534 1577 644 1643 Valerii
665 1578 775 1643 Catulli
798 1582 985 1657 Veronensis,
999 1592 1097 1663 pnbtne
1124 1591 1187 1653 cln-

86 1675 202 1748 riesimi,
227 1675 369 1736 carmine.
410 1673 490 1736 Albii
515 1672 629 1736 Tibulli
654 1674 771 1754 Equitio
797 1679 923 1741 Romani
945 1687 1045 1760 pnite
1070 1683 1183 1765 elegio).
1219 1666 1227 1675 ’

87 1772 197 1831 Aurelii
211 1771 355 1850 Propertii
370 1771 475 1832 Umbri
491 1774 610 1835 Mevuni
624 1775 763 1837 darruriun.
776 1774 811 1835 P.
827 1774 943 1856 Papinii
961 1777 1049 1840 Sturii
1071 1781 1189 1845 Surculi

87 1869 238 1946 Sylvarum
253 1869 329 1930 liber
341 1867 378 1929 ad
394 1869 525 1934 Stellam.
541 1872 606 1932 Pol.
648 1873 725 1934 Huec
736 1870 839 1945 editio,
852 1872 1041 1934 Broulubnrio
1053 1878 1185 1939 nondum

82 1965 158 2037 visa,
184 1965 294 2044 Vulpio
318 1965 445 2044 primum
471 1966 601 2042 cognitu,
623 1976 705 2028 extut
728 1965 965 2029 inbibliotbeca
986 1970 1189 2035 Laurentium

87 2061 261 2129 Florentiae;
285 2081 312 2118 ν.
330 2060 503 2121 Montelulc.
519 2061 596 2137 Bibl.
611 2063 690 2139 Mes.
704 2061 741 2123 Τ.
759 2079 783 2122 1.
798 2081 867 2139 pag.
881 2071 952 2135 309,
967 2072 998 2125 et
1023 2064 1052 2124 in
1077 2067 1187 2130 Museo

86 2156 214 2216 nnana.
230 2177 247 2216 e
262 2155 398 2217 bibliotlr.
414 2154 534 2216 Arlrew.
577 2157 762 2217 Memoretur
782 2174 801 2214 n
824 2155 967 2235 Mnittuir.
990 2156 1030 2220 Τ.
1053 2174 1076 2222 1.
1101 2160 1134 2220 P.
1162 2179 1188 2225 1.

85 2251 159 2328 (rive
172 2250 212 2312 Τ.
228 2254 290 2325 tv.)
303 2270 333 2329 ρ.
346 2259 418 2314 320.
453 2251 488 2314 ln
503 2270 538 2312 en
554 2250 998 2331 Propertinsprimumencusus
1010 2262 1066 2319 ert.
1102 2256 1191 2323 Nou.⁴

86 2348 157 2407 dnm
172 2347 331 2412 editionem
347 2347 424 2408 hunc
439 2348 544 2409 critico
558 2348 695 2409 acumine
709 2348 891 2426 exploratam
907 2367 971 2408 erre
981 2370 1060 2429 aegre
1071 2351 1128 2414 lert
1139 2353 1187 2416 ΙΙΙ.

87 2445 201 2523 Heyne.
217 2447 262 2507 Ex
277 2444 311 2504 iis
323 2454 433 2519 tamen,
448 2462 516 2522 quon
539 2444 664 2522 Vulpius
685 2448 909 2514 commemorat,
925 2451 986 2504 turn
1012 2445 1089 2510 aliis·
1101 2467 1190 2529 argu·

86 2541 194 2603 mcntis
209 2539 366 2620 probabile
381 2537 565 2611 lit,cltcrnm
580 2538 648 2599 enni
677 2547 765 2605 1481.
788 2558 825 2598 ex
848 2558 884 2600 eu
909 2559 974 2600 erse
997 2539 1188 2623 descriptum,

84 2639 222 2723 adeoque
246 2638 403 2703 lectionem
425 2656 481 2698 nos
504 2635 569 2716 ejus
589 2637 656 2716 Jem
678 2644 830 2698 euolutam
855 2634 977 2710 bebere,
999 2637 1075 2702 dum
1098 2639 1190 2720 bujuo

87 2735 257 2797 uarietatem
271 2733 473 2799 Broulrbusius
488 2733 616 2795 dederit.

128 2840 206 2901 1473
229 2832 363 2892 Catullus
377 2849 431 2908 per
445 2830 547 2907 Steph.
562 2827 714 2888 Curulium
726 2825 823 2889 editus
838 2825 960 2898 Paruum,
976 2825 1028 2888 fol.

130 2937 208 2997 1475
230 2925 351 2998 Cntrrlli,
364 2923 488 2995 Tibulli,
502 2922 647 3003 Propertii
667 2921 779 2983 Aurelii
801 2930 900 2981 nautae
924 2926 1033 3002 poitur,
1046 2933 1077 2986 et
1101 2926 1188 2992 Statii

87 3023 200 3104 Papinii
213 3022 369 3102 Sylvnrum
384 3020 466 3080 liber.
481 3020 649 3099 Impreorno
663 3037 754 3105 opere
766 3027 797 3077 et
806 3017 938 3096 impensa
949 3019 1001 3078 Jo.
1010 3018 1048 3080 de
1060 3021 1189 3086 Colonia

85 3134 115 3183 et
130 3126 178 3185 Jo.
195 3119 338 3180 Menthen
352 3116 391 3180 de
405 3117 583 3188 Gberetzen,
599 3115 649 3195 qui
666 3134 724 3174 una
745 3112 849 3173 vivunt
870 3110 1003 3174 feliciter.
1044 3115 1188 3192 venetiis,

87 3219 138 3280 iol.
153 3216 222 3279 Vid.
238 3214 385 3279 Muittuire
400 3214 428 3273 b.
443 3212 462 3272 l.
476 3231 507 3291 p.
524 3220 596 3274 350.
638 3212 691 3271 Est
714 3208 779 3269 brec
800 3206 903 3280 editio,
918 3228 1006 3288 quem
1032 3210 1190 3279 Broukbu.

88 3317 149 3378 uiuo
169 3314 332 3394 principem
354 3332 419 3372 esse
443 3310 578 3389 putabet,
593 3317 623 3371 et
643 3328 680 3368 cx
705 3326 763 3386 qun
787 3307 940 3370 lectionem
965 3307 1108 3389 apposnit
1131 3310 1188 3373 rub

88 3416 132 3477 lit.
149 3415 190 3474 D.

133 3519 206 3572 1481
230 3507 340 3570 Cutnll.
357 3504 451 3584 Regii,
466 3504 518 3565 tol.

127 3639 168 3652 -
181 3602 304 3675 Catulli,
318 3599 444 3672 Tibulli,
458 3599 591 3677 Propert.
605 3606 636 3657 et
650 3596 736 3658 Statii
751 3597 858 3676 Sylvae.
900 3599 1011 3657 Actum
1023 3596 1186 3661 Vincentio

86 3724 141 3786 per
156 3701 325 3780 magistrum
339 3700 388 3760 Jo.
409 3699 574 3759 Renenoem
596 3703 626 3754 et
652 3694 826 3774 Dionysium
853 3690 1064 3752 Berthochum.
1107 3694 1186 3757 Tunt

87 3804 117 3865 in
132 3799 214 3861 trinis
229 3797 304 3857 loliis
319 3793 478 3870 subjicitur
490 3794 618 3855 Carmen
632 3792 679 3852 Jo.
703 3789 884 3870 calphurnii,
898 3794 996 3869 po‘etoe
1019 3786 1185 3859 clarissimi,
1316 3860 1321 3869 ἢ

87 3896 125 3958 ud
140 3897 188 3958 lo.
205 3890 432 3955 luderbucbinm
448 3886 623 3948 Pontificem
636 3885 846 3947 Tridentinurn
861 3884 900 3945 de
915 3881 1050 3943 lendibus
1063 3881 1140 3960 ejnr,
1155 3889 1187 3941 et

120 4037 275 4104 [lEditionen,
284 4035 309 4085 in
336 4031 515 4095 uibuantullur
527 4031 678 4097 postponitur
688 4030 791 4088 Tibullo,
803 4031 828 4078 iu
838 4027 910 4092 huju·
921 4026 1059 4082 Editionum
1074 4024 1187 4080 &contu

85 4104 148 4156 inire
157 4107 323 4150 memorantur.

153 4166 241 4230 Delph.
254 4170 277 4217 cl
293 4165 348 4213 Vnr.
363 4163 427 4213 Glnt.
689 4161 770 4215 Calui.
1067 4158 1082 4208 8
1100 4155 1121 4209 F
