2752 4694
186 287 252 352 alo
438 303 477 352 u.
499 303 536 351 s.
561 301 707 353 nunant
732 298 1033 353 couunursnws

186 441 281 506 inquit,
295 442 515 493 rursum'redeam
531 443 559 493 in
579 448 659 508 caput
674 457 715 494 re·
875 441 1028 493 centiam
1045 440 1156 493 axvn.

186 518 263 581 gina,
278 516 427 583 fulgentque
443 518 538 568 Bootes
553 517 714 568 siveArctu·
783 518 922 570 IOdulci
935 517 1120 582 szsdamro]
1153 513 1281 583 Dialogus

186 608 228 645 ros
239 593 369 657 proximus
380 594 507 659 Erigonae,
523 602 554 645 ut
564 595 714 659 priusquam
751 601 800 656 est,
808 609 868 659 quo,
873 595 905 644 ad
915 595 1053 645 sceleratas
1063 593 1184 645 libidines
1194 594 1283 645 nescio

188 684 238 734 ego
259 669 286 721 io
304 669 374 720 sidus
394 677 569 733 converterer,
587 669 715 733 interJice·
751 671 825 734 cujus
847 670 960 719 mulieris
981 670 1150 733 detegendas,
1170 670 1283 722 Januaut

187 760 280 811 terque
311 747 379 797 iuter
407 746 492 810 ipsum
520 752 548 796 et
576 745 714 810 Erigonen.
752 745 846 795 edium
854 745 923 796 illius
934 761 994 795 curn
1003 745 1170 811 popularibus
1182 745 1283 810 aliquot

162 816 174 830 ⁸
186 822 336 876 Postremus
347 828 433 872 autem
445 836 545 883 versus,
561 827 592 870 ut
610 835 626 869 a
641 819 715 869 nobis
750 823 910 887 loquentem,
930 836 1025 886 easque
1041 822 1103 886 ipsis
1121 821 1283 872 indicantem

186 899 298 962 scriptus
312 905 362 962 est,
377 899 416 949 ita
431 899 526 963 legitur
541 899 567 948 in
585 897 715 948 veteribus
752 896 825 948 facit.
858 899 971 947 'l'autum
986 903 1042 948 est:
1059 912 1110 949 nou
1129 897 1200 949 enim
1217 904 1283 962 puto

185 975 276 1037 libris3
303 975 432 1040 etiamque
455 974 521 1026 ratio
544 974 610 1038 ipsa,
630 981 660 1024 ut
678 975 717 1025 ita
751 973 778 1022 ln
799 973 942 1038 hujusmodi
960 972 1073 1022 historiis
1099 972 1284 1036 cognoscendis

185 1053 298 1114 legatur,
325 1050 472 1111 necessario
505 1049 636 1113 postulat:
664 1064 716 1114 quo
752 1047 860 1097 multum
869 1062 957 1111 operae
966 1047 1152 1098 collocandum.
1169 1049 1285 1101 Stultum
1317 1098 1319 1104 ,

186 1125 269 1189 magis
285 1123 428 1174 tuirandum
443 1131 492 1187 est,
508 1124 570 1189 quid
591 1123 716 1187 cogitarit
753 1129 803 1183 est,
815 1138 872 1188 quae
890 1122 927 1172 ita
944 1122 1048 1188 scripsit
1064 1123 1190 1183 Catullus,
1202 1127 1232 1172 ut
1249 1138 1283 1173 ue

187 1201 312 1255 Politian.
331 1215 390 1250 cum
410 1200 477 1251 bunc
497 1200 582 1249 locum
602 1199 717 1249 adhibite
754 1203 808 1248 tum
820 1197 934 1262 quidem,
944 1197 992 1247 nisi
1002 1212 1018 1248 s
1027 1197 1128 1262 paucis,
1139 1197 1230 1263 quibus
1241 1198 1283 1249 bar

186 1276 312 1327 industrie
333 1283 523 1340 corrumperet,
545 1275 673 1339 collectis,
694 1273 717 1325 si
753 1287 795 1323 res
807 1273 919 1338 cognitae
931 1278 1025 1334 essent,
1043 1271 1154 1322 voluerit
1163 1272 1285 1336 intelligi,

186 1352 244 1400 Diis
256 1354 355 1415 placet,
365 1353 452 1403 multis
468 1352 544 1412 locis,
559 1350 650 1415 quibus
662 1351 716 1413 pla·
753 1363 785 1398 es
799 1364 827 1398 se
843 1364 987 1413 quenquam
1002 1347 1079 1397 bodie
1096 1347 1205 1398 credere
1222 1362 1284 1399 oon·

187 1425 396 1484 admisceret:
413 1425 651 1476 Oraecisinterdum
664 1423 716 1473 Oa·
749 1423 855 1488 jactura
874 1431 1068 1484 assecuturum:
1098 1437 1183 1488 pauca
1202 1423 1285 1488 igitur

188 1501 287 1554 tionem
306 1514 355 1565 pro
376 1500 474 1550 Orione
496 1500 568 1561 dici;
595 1499 668 1563 quasi
689 1497 716 1548 id
753 1500 870 1565 quaedam
898 1499 991 1550 cursim
1020 1499 1219 1549 annotavimus:
1249 1498 1284 1549 de

189 1584 329 1640 ageretur:
355 1577 443 1640 itaque
464 1576 557 1625 merito
577 1573 668 1623 incidit
689 1574 717 1622 in
752 1576 859 1627 historia
869 1577 973 1641 quidem
984 1575 1042 1639 ipsa
1053 1589 1126 1624 suum
1137 1574 1231 1640 cuique
1239 1575 1283 1639 ju·

186 1653 290 1703 aculeos
326 1652 549 1715 reprehensorum,
583 1648 717 1719 praecipue
753 1651 849 1701 dicium
870 1653 1060 1716 relinquemus:
1088 1651 1229 1701 nonenim
1253 1664 1284 1701 eo

189 1727 305 1791 Marulli,
322 1726 367 1791 qui
387 1726 520 1791 quodlibet
536 1724 716 1787 vadimonium,
752 1727 809 1777 baec
819 1726 937 1790 legimus,
947 1725 1167 1787 utsciaruus,quaa
1178 1723 1285 1775 tandem

189 1809 219 1851 nt
234 1802 339 1864 dicitur,
359 1802 443 1864 potius
460 1800 625 1862 deseruisset,
640 1813 715 1862 quatu
752 1802 799 1852 illa
819 1802 909 1864 fuerit,
927 1805 1010 1866 a'qos
1025 1801 1080 1850 bec
1099 1807 1152 1848 tam
1175 1800 1286 1864 pulchra

188 1877 268 1929 ullam
289 1876 437 1938 exagitandi
453 1875 522 1924 illius
539 1873 716 1926 occasionem:
753 1879 826 1929 editu
836 1879 889 1929 sint
900 1877 1027 1940 facinora:
1046 1877 1135 1942 quisve
1146 1884 1192 1927 aut
1203 1890 1284 1926 senex

107 1988 117 1999 ψ
188 1952 244 2014 ejtts
254 1951 335 2014 igitur
350 1952 394 2000 illa
408 1957 477 2015 sunt,
493 1950 652 2000 ιΟιιιίοῐῑθῐῐὶ
669 1962 717 2012 pro
752 1954 796 2005 ille
813 1955 919 2018 Balbus,
936 1961 981 2004 snt
1000 1953 1128 2002 invalidus
1144 1951 1224 2013 filius,
1239 1960 1285 2003 aet

187 2026 302 2090 Erigone
313 2028 378 2076 citat
389 2028 533 2077 Ecnomns:
550 2024 638 2074 uude?
655 2024 717 2075 Nou
753 2029 882 2080 officiosus
901 2037 987 2093 pater,
1008 2036 1053 2078 aut
1071 2028 1152 2079 ceteri
1172 2028 1284 2094 denique

188 2101 255 2153 t‘acit
272 2103 304 2152 ad
324 2117 407 2153 mores
425 2104 508 2167 virgo,
523 2101 570 2152 sed
589 2098 716 2152 Oarion:’
753 2105 895 2169 participes
911 2105 985 2169 hujus
1002 2110 1055 2154 tarn
1071 2105 1187 2155 horreum
1202 2105 1285 2155 socie

187 2189 215 2229 ct
234 2181 284 2230 hoc
300 2181 363 2230 item
382 2181 501 2242 alterum,
517 2177 648 2238 ‘Quaene
665 2192 718 2242 qua
754 2178 832 2230 tatis:
849 2193 921 2245 quos,
932 2193 965 2228 ne
976 2185 1031 2229 tum
1042 2179 1153 2244 quidem,
1170 2193 1234 2229 corn
1247 2179 1285 2229 vi·

186 2256 271 2306 niteat
294 2256 372 2324 doctp
393 2270 468 2305 corna
492 2262 569 2320 perte
592 2252 717 2304 catullo?
755 2260 856 2316 terent,
878 2268 1044 2318 cognoscere,
1063 2254 1116 2303 ulla
1131 2254 1188 2305 laus
1206 2261 1283 2304 erat:

186 2331 324 2380 ProxImus
335 2329 447 2380 Arcturo
459 2328 545 2392 fulgor
556 2336 584 2379 et
596 2328 716 2391 Erigone
753 2329 800 2379 sed
811 2336 840 2379 ut
851 2328 1090 2393 animadvertamus,
1101 2330 1122 2378 si
1133 2344 1184 2394 qua
1194 2330 1285 2393 iusim,

186 2411 237 2456 est:
275 2404 401 2467 Virginis,
423 2411 458 2454 et
479 2404 541 2453 saevi
567 2404 718 2464 contingens
755 2419 812 2469 quae
823 2405 855 2454 sd
867 2405 978 2455 Romani
995 2405 1118 2454 sermonis
1129 2405 1285 2469 elegantiam

185 2492 297 2543 namque
302 2480 394 2537 Leonis
400 2478 517 2541 Lumina,
523 2477 621 2528 Callsto
623 2476 718 2539 juncta
754 2479 842 2530 facere
853 2481 1003 2530 videantur:
1014 2481 1063 2530 hoc
1073 2481 1153 2544 igitur
1163 2493 1277 2544 mamus,

91 2607 95 2615 ,
188 2553 335 2617 Lycaoniae,
354 2554 451 2603 Flectit
473 2553 500 2601 in
519 2566 649 2612 occasum,
667 2559 718 2600 tar·
786 2556 1004 2621 operequumest]
1030 2555 1093 2619 Alii,
1108 2557 1238 2620 Postquam
1251 2571 1285 2606 a.

188 2629 249 2678 dum
262 2630 313 2678 dux
329 2636 390 2677 ante
406 2629 518 2688 Booten,
532 2627 584 2678 Oui
601 2627 645 2676 vix
660 2640 719 2676 sero
754 2642 802 2694 ego
814 2631 926 2683 Januan:
936 2634 1055 2682 maritam
1070 2633 1124 2683 dici
1141 2646 1216 2698 posse
1231 2647 1285 2685 uon

187 2702 241 2756 ulto
251 2703 378 2765 mergitur
388 2703 505 2752 Oceano.
529 2702 595 2752 Quae
607 2707 636 2751 tu
643 2701 665 2749 si
677 2716 718 2750 re·
754 2706 874 2756 arbitror.

187 2779 286 2841 legens,
304 2778 401 2828 ubisit
419 2791 492 2827 coma
514 2776 596 2839 regia,
614 2777 718 2841 queris,
786 2781 942 2845 9Nou,ito]
956 2781 1179 2846 Jsoualoquitur:
1191 2783 1286 2833 eudem

188 2854 312 2918 Eonome,
339 2867 431 2918 equam
457 2852 545 2902 medio
572 2851 665 2917 quaeris
690 2852 718 2902 iu
753 2861 839 2902 autem
850 2856 925 2904 modo
938 2857 1058 2919 Propert.
1069 2858 1116 2908 lib.
1127 2873 1147 2907 1.
1171 2858 1286 2910 danuam

187 2928 303 2979 Oceano.
347 2928 480 2992 Quamvis,
509 2928 571 2994 quid
606 2929 717 2993 relegas,
752 2929 881 2995 quandam
892 2929 926 2978 de
938 2930 1048 2982 domina:
1058 2948 1112 2984 sure
1120 2933 1288 2999 impudicitia

186 3004 255 3055 vitiis
266 3004 354 3067 miser,
364 3003 513 3070 invidiaque
528 3003 662 3054 Obrutus?
679 3004 717 3053 in·
753 3011 905 3072 querentem
914 3004 987 3057 facit.

187 3082 268 3146 geniis
280 3083 377 3133 candor
387 3083 472 3133 inesse
484 3083 559 3133 solet.
575 3083 645 3145 Ergo
655 3080 716 3130 dum
786 3085 816 3130 ll
834 3080 887 3130 Nec
896 3087 1015 3145 peccatum
1033 3098 1049 3132 o
1064 3081 1113 3146 me]
1138 3082 1286 3136 Postbu'nc

186 3159 271 3208 omnia
281 3160 430 3221 conturbas,
439 3158 500 3208 durn
512 3158 620 3207 credere
631 3156 716 3207 doctis
751 3170 853 3206 versum
864 3157 1034 3207 Pentumeter
1043 3158 1224 3213 desiderator:
1236 3159 1289 3211 its·

186 3236 315 3298 Negligis‚
330 3242 359 3285 et
374 3251 423 3299 per
434 3243 462 3284 te
472 3236 507 3284 nil
518 3237 586 3299 sapis
602 3237 659 3298 ipse
676 3242 716 3285 ta·
753 3247 803 3297 que
815 3245 1001 3284 concurrerunt
1012 3235 1201 3298 emendatores,
1209 3240 1241 3286 ut
1250 3235 1286 3284 ad

185 3322 255 3369 meo,
265 3305 371 3359 'Fecisti
389 3307 528 3358 Oari'onern
546 3324 585 3365 ex
595 3311 718 3373 Erigone,
752 3309 888 3358 mulctram
904 3323 1011 3371 muscae,
1028 3316 1066 3374 et,
1083 3309 1151 3376 quod
1172 3312 1287 3376 quisque

185 3398 219 3431 ex
231 3383 344 3432 Arcturo
364 3382 564 3447 Hydrochoum:
579 3385 636 3449 jam
648 3385 716 3450 quod
752 3383 847 3447 potuit,
856 3386 1009 3434 attulerunt.
1027 3385 1110 3448 Alius,
1124 3387 1208 3435 Verum
1218 3387 1287 3437 istoec

184 3459 386 3510 monstrumerit
401 3461 458 3522 ipsa
472 3458 571 3509 comat’
589 3460 660 3509 Hinc
671 3475 715 3509 au·
749 3463 829 3525 potius
837 3461 933 3522 janitor
948 3465 997 3526 ipre
1005 3461 1084 3520 sarit:
1102 3463 1175 3527 alius,
1196 3463 1286 3530 Verum

184 3543 238 3586 tem
249 3535 332 3585 videri
349 3541 446 3598 potest,
464 3534 575 3585 illustres
592 3536 716 3601 homines,
751 3537 806 3587 istis
825 3552 862 3587 rue
884 3542 1001 3588 amtorem
1022 3553 1072 3587 esse
1084 3538 1149 3599 saci:
1165 3540 1286 3603 mulus:

185 3613 281 3677 quique
289 3627 410 3675 magnum
421 3626 514 3662 nomen
530 3612 627 3663 babent
642 3615 669 3662 in
686 3615 716 3663 li·
753 3612 826 3674 alius,
842 3613 927 3663 Verum
937 3613 979 3662 isti
987 3615 1071 3677 populo
1084 3613 1122 3662 Di
1132 3615 1195 3663 mulo
1204 3616 1285 3665 meua

184 3687 257 3750 teris,
269 3694 365 3751 quanto
375 3688 489 3751 periculo
499 3696 624 3752 peccent:
636 3687 716 3739 efficit
745 3687 840 3749 suunt.
857 3688 986 3738 Ortarinus
995 3689 1040 3751 ait,
1048 3689 1143 3738 vidisse
1151 3703 1179 3739 se
1187 3689 1285 3741 librum

183 3763 252 3814 enim
267 3761 396 3811 Politianl
413 3763 563 3825 auctoritas,
582 3771 612 3812 ut
631 3764 715 3814 nullus
751 3771 876 3833 veterem,
887 3763 913 3812 in
928 3778 979 3829 quo
989 3772 1069 3824 esset,
1083 3764 1170 3821 Verum
1184 3763 1228 3813 a'sts'
1242 3779 1286 3828 po·

178 3839 243 3902 jam,
264 3837 333 3903 quod
354 3837 445 3900 sciam,
472 3844 545 3888 extet
575 3839 642 3888 liber
671 3840 716 3889 im·
749 3838 951 3902 pulejuuuuquid
960 3840 1054 3902 reficit.-
1071 3846 1098 3888 at
1109 3855 1141 3889 ex
1153 3840 1286 3890 bocuulls

170 3906 295 3978 pressus,
315 3915 343 3965 in
372 3928 423 3979 quo
445 3927 507 3975 non,
533 3914 633 3977 rejecta
654 3931 716 3967 vera
750 3914 844 3963 idonea
877 3917 1007 3965 sententia
1039 3917 1151 3980 exprimi
1185 3923 1284 3980 potest.

182 3991 304 4053 lectione,
315 3990 409 4040 nothus
420 3989 474 4051 ille,
490 3994 518 4037 et
532 3990 714 4053 suppositicius
751 3992 815 4053 Ego,
826 3991 902 4038 inane
914 3993 1025 4054 spatium
1037 3992 1193 4056 relinquere,
1205 3982 1300 4056 quam¹

182 4079 272 4115 versos
293 4067 404 4129 legatur,
425 4066 553 4117 Proximos
574 4067 715 4132 Hydrocboo
750 4068 838 4117 inanes
848 4079 935 4114 versus
945 4080 1049 4129 ponere,
1059 4067 1139 4114 satius
1151 4066 1224 4116 duxi.

178 4138 273 4200 subeat
287 4140 384 4194 Oors'ou
784 4146 814 4190 15
833 4142 889 4191 Non
899 4142 957 4191 sotis
967 4142 1016 4206 eet]
1041 4142 1160 4195 Viatores
1171 4144 1285 4212 loquim-
1300 4162 1306 4169 ·
