2752 4694
126 278 130 285 ’
146 282 212 349 448
400 298 440 347 ιι.
463 299 498 344 s.
523 295 676 346 nunnus
692 292 995 354 nonnnursnrus

145 437 251 502 doceat,
261 435 329 486 idem
348 434 458 500 quodam
476 434 552 484 modo
567 433 674 501 eathpri·
711 432 886 483 Alexandrum
914 433 948 484 de
974 433 1087 483 mundo:
1111 432 1242 483 ‘adrem'

145 527 226 574 mum,
243 516 271 561 et
289 511 415 561 nltimam.
447 511 503 561 Cic.
527 511 673 561 ‘Pueritiae
711 524 788 574 porro
809 510 893 572 ipsum
912 509 1010 575 antiqui
1028 509 1156 559 vocabant
1179 508 1243 560 ‘Jo-

145 586 295 637 memoriam
309 585 583 636 recordantuntmau:
614 585 673 634 Vir·
710 584 784 636 vem!
816 585 911 635 Horat.
926 585 1031 634 ‘manet
1048 585 1095 635 sub
1112 584 1179 634 Jove
1196 583 1244 633 sri-

144 662 191 726 gil.
207 662 297 726 ‘isque
312 669 444 732 parentem
459 663 496 711 Te
511 664 673 712 Saturnere·
710 661 771 723 gido
786 659 921 712 Venator!
955 659 1039 722 Idem,
1056 661 1154 712 ‘Quod
1172 661 1242 710 latus

142 735 216 786 -fertr
239 743 269 784 ιιι
278 736 407 799 sanguinis
420 736 525 786 ultimus
537 736 645 787 auctor!
709 734 810 797 mnudi,
820 736 919 785 nebulas
927 737 1060 802 malusque
1068 737 1086 787 J
1089 737 1244 801 nppiternr-

178 815 209 860 lt
227 809 353 872 lalana]
369 810 491 859 Imbuere
508 811 613 874 proprie
631 817 671 860 est
710 816 772 874 get:
804 811 914 873 Ennius,
931 809 1045 875 ‘Aspice
1066 813 1114 861 lroc
1131 812 1242 862 sublime

145 885 257 949 tingere,
284 898 433 959 aspergere.
467 886 561 949 Virgil.
588 886 672 936 ‘illius
709 886 1242 949 caudenaquemvocantomneslovemR

147 960 303 1025 sramSoepe
320 969 394 1010 tener
406 961 501 1010 nostrie
516 961 548 1011 ab
559 962 670 1011 ovilibus
708 958 793 1020 Idem,
810 958 890 1009 ‘Istic
911 968 951 1009 est
968 961 990 1009 is
1007 961 1142 1025 Juppiter,
1160 977 1241 1026 quem

142 1035 241 1085 imbuet
258 1034 357 1098 eguus!
390 1035 474 1098 Idem,
489 1036 608 1098 ‘sanguia
626 1050 671 1085 uo·
708 1035 776 1098 dico,
785 1049 860 1099 quem
872 1034 960 1085 Graeci
972 1045 1067 1086 vocant
1079 1035 1183 1100 Aerem,
1191 1039 1238 1102 qni

144 1125 191 1160 vus
201 1111 295 1161 imbuit
311 1109 399 1160 arma’
431 1109 498 1159 Inde
516 1109 672 1160 transfertur
708 1116 800 1160 ventus
817 1117 868 1172 est,
884 1118 914 1160 et
929 1111 1021 1175 nubea,
1039 1111 1127 1161 Imber
1138 1120 1241 1177 postea,

144 1185 245 1237 adalia.
263 1185 356 1236 Horat.
371 1183 672 1235 ‘LiterulisGroecisim
707 1183 795 1248 Atque
813 1200 846 1234 ex
863 1185 944 1237 imbre
962 1185 1045 1250 frigus
1061 1194 1164 1248 ventus,
1176 1198 1240 1252 post

142 1261 231 1327 butus,
241 1261 348 1311 idonens
360 1260 411 1311 arti
422 1260 553 1311 Cuilibet!
585 1262 670 1309 Varro
706 1258 737 1310 fit
747 1260 792 1310 adr
802 1260 906 1310 denuo.’

144 1336 291 1400 Agathone,
307 1335 670 1401 ‘virgodaconvlvloabdu-
738 1339 771 1386 21
791 1335 891 1398 Pedem]
919 1337 1030 1387 Velnm:
1057 1338 1238 1401 synecdoche.

144 1420 221 1462 catur
238 1412 387 1477 ideo,quod
402 1413 514 1475 majores
526 1412 608 1462 nostri
619 1414 671 1462 vir·
704 1409 821 1460 ‘Facere
840 1410 953 1474 pedem’
970 1413 1047 1462 etiam
1067 1412 1162 1462 dieitur
1179 1427 1238 1477 pro,

144 1487 321 1551 anuscanae
332 1485 670 1537 auresVenerisuocabulis
706 1484 781 1535 ‘vela
797 1485 904 1536 facere!
936 1487 1029 1551 virgil.
1047 1488 1125 1538 ‘Una
1144 1503 1234 1548 omnes

143 1562 224 1613 imbui
235 1561 392 1612 noluerunt!
410 1562 672 1612 M.'1'ullinsinllor·
707 1557 796 1610 fecere
815 1560 920 1624 pedem,
942 1563 1091 1626 pariterque
1110 1563 1240 1625 sinistros,

144 1637 236 1701 tensio,
261 1638 324 1688 ‘Uti
346 1638 389 1702 qui
411 1651 551 1702 purpuram
569 1638 670 1699 uolunt,
705 1635 784 1685 Nunc
795 1636 901 1685 dextros
913 1636 1013 1686 solvere
1025 1636 1112 1685 sinus!
1146 1637 1236 1688 Plant.

143 1710 274 1772 sufficiunt
292 1712 363 1777 prius
379 1713 464 1762 lanam
475 1713 670 1763 medicamentis
705 1710 873 1760 Menaechmis
901 1711 1009 1774 remiges
1036 1711 1106 1774 ipsos
1129 1711 1236 1761 ridetur

142 1787 312 1851 quibusdam:
339 1787 377 1837 sic
404 1786 496 1849 literis,
523 1786 669 1852 talibusque
705 1778 1236 1850 uocasse‘oar'alespedea.'‘Asservatote

141 1862 269 1914 doctrinis
285 1869 346 1913 ante
361 1863 446 1912 excoli
466 1862 575 1922 animos,
592 1867 619 1911 et
636 1861 670 1911 ad
704 1861 762 1924 hoo,
774 1861 971 1924 sultis,navales
983 1863 1082 1925 pedea'

142 1938 295 2002 sapientiam
312 1937 509 2002 concipiendam
528 1936 618 1999 imbui,
637 1952 668 1986 ac
736 1939 770 1985 22
793 1936 950 1986 littoralibus
969 1937 1028 2002 ain]
1069 1937 1171 2002 Nempe
1192 1938 1235 2000 iis,

141 2014 285 2078 praeparari
305 2013 399 2064 decet)
430 2013 462 2061 In
479 2026 531 2077 qno
550 2012 669 2077 exemplo
705 2024 769 2075 qnos
788 2010 826 2060 ait
842 2011 937 2074 virgil.
953 2012 1082 2073 ‘Glauca
1101 2018 1129 2062 et
1148 2013 1235 2062 Pauo·

140 2089 280 2139 nomadum
297 2094 338 2138 est
356 2088 435 2139 etiam
453 2088 569 2150 verbum,
584 2085 669 2137 ‘snffi-
706 2099 780 2149 pane,
789 2091 817 2135 et
828 2085 894 2136 Inoo
905 2087 1071 2137 Melicerten·

139 2162 221 2227 cere,'
231 2164 308 2214 aliter
317 2164 437 2229 positum,
452 2177 529 2228 qnam
541 2162 618 2225 vulgo
629 2176 669 2211 so·
736 2163 768 2208 at
786 2160 931 2226 Nouissima]
955 2161 1014 2211 Hoc
1035 2162 1142 2212 verbnm
1164 2163 1234 2212 rafu-

139 2239 193 2293 let..
704 2232 772 2298 gisae
794 2235 947 2285 Ciceronem
975 2241 1082 2286 annotat
1109 2237 1233 2287 Gellius:

172 2319 204 2365 tr
219 2314 334 2380 AEquore]
348 2314 445 2380 AEquor
455 2312 543 2364 maria.
574 2313 667 2376 virgil.
703 2308 787 2373 talam
802 2325 833 2360 eo
842 2311 910 2360 enim
918 2316 947 2360 et
953 2311 979 2360 in
988 2310 1058 2360 libris
1066 2310 1099 2360 de
1109 2311 1233 2375 Oratore,

136 2389 149 2418 ‘
153 2389 257 2452 longum
273 2391 351 2440 maris
369 2389 592 2455 aequaturaudum
608 2387 668 2439 est!
703 2386 967 2448 etinOratiouepro
981 2385 1119 2435 Q.Roscio
1134 2387 1236 2435 Comoe·
1299 2431 1302 2437 ,

138 2463 235 2529 Equor
253 2471 341 2516 terrae.
384 2464 440 2514 Cic.
462 2463 618 2527 ‘Babylonii
639 2463 669 2512 in
704 2459 808 2509 dousus
823 2467 873 2523 est,
884 2466 912 2510 et
923 2461 949 2509 iu
961 2460 1046 2522 Epist.
1067 2461 1099 2509 ad
1112 2462 1235 2511 Octavia-

138 2552 287 2603 csmpomm
297 2538 442 2602 patentium
459 2536 605 2601 aequoribus
622 2537 667 2585 ha·
703 2549 773 2598 num,
791 2537 815 2584 si
830 2537 906 2586 modo
925 2550 957 2586 ea
974 2535 1085 2600 epistola
1101 2539 1233 2589 Ciceronis

137 2612 252 2663 bitantes
262 2612 279 2663 ι’
307 2621 344 2678 et,
363 2612 442 2679 qnod,
466 2612 533 2661 hand
558 2612 613 2662 scio
633 2627 666 2661 an
703 2618 761 2661 esta
777 2609 906 2676 quodnon
919 2617 991 2676 puto.

137 2689 271 2753 qnisquam
288 2687 373 2739 adhuc
389 2688 563 2749 annotaverit,
580 2702 667 2753 equor
736 2686 837 2749 Meam]
856 2687 995 2737 Benacum.

137 2763 205 2814 cali.
236 2762 332 2813 Accius
341 2760 434 2824 Atreo,
450 2761 519 2811 ‘Sed
528 2761 590 2826 qnid
601 2763 666 2813 toni·
735 2765 768 2810 26
783 2761 867 2824 Senot]
883 2759 1028 2827 Antiquam
1039 2761 1156 2811 verbam.
1180 2763 1233 2814 Pa-

137 2841 181 2887 trn
192 2836 296 2888 turbida
313 2842 388 2887 torro
406 2837 537 2887 (ὶοιιιιιιιιι
555 2845 665 2902 repente
701 2835 791 2885 curius
811 2837 942 2900 Periboea,
963 2839 1126 2902 ‘corpusque
1145 2853 1232 2889 meum

137 2911 309 2978 aeqnorscaeli
319 2911 446 2962 Seusimn’
457 2912 574 2962 soueret'
701 2911 749 2960 tali
766 2912 889 2975 Mancre,
904 2927 1001 2977 errore,
1017 2929 1120 2963 macore
1140 2917 1233 2967 senet!

168 2993 200 3039 ts
215 2987 371 3052 Impotentio]
387 2988 514 3039 AEstuosa.
700 2984 802 3049 Actias,
818 2987 893 3038 ‘Jam
906 2987 963 3050 jam
982 2988 1089 3050 stupido
1107 2987 1231 3038 Thessala

168 3067 200 3113 le
214 3063 353 3127 Lemaire
362 3064 475 3128 dextero]
491 3061 587 3112 Omisit
598 3063 663 3112 alte·
699 3075 788 3111 somtm
800 3063 913 3114 Pectora
928 3065 1112 3129 languentqne,
1128 3074 1232 3115 senent-

135 3153 202 3201 rum,
218 3139 282 3189 siae:
299 3139 418 3189 usitatius
439 3139 507 3188 enim
526 3144 593 3200 erat,
608 3139 662 3189 sive
699 3139 768 3204 qna'
801 3142 943 3207 Eleganter
959 3146 1057 3204 autern,
1078 3143 1146 3205 qnod
1169 3158 1228 3205 pro·

133 3214 208 3278 laeua,
219 3214 404 3264 siredeatera:
422 3214 459 3263 sic
469 3215 563 3265 Horat.
578 3215 662 3264 ‘Cam
699 3216 782 3279 prium
793 3224 835 3266 eat
852 3217 1007 3279 animalium,
1024 3216 1057 3266 ad
1077 3231 1130 3266 rem
1147 3219 1230 3266 inani·

134 3289 563 3354 tamus,vacui‚sivequidarimun’
579 3290 662 3348 ldem,
697 3303 766 3339 mam
777 3291 919 3341 transtulit.

136 3365 212 3416 ‘Quo
223 3378 274 3414 non
292 3364 390 3414 arbiter
409 3362 497 3412 Adriee
510 3364 603 3428 Major,
615 3369 662 3414 tol·
730 3370 762 3414 27
781 3367 887 3415 Gemelle
899 3368 992 3430 Castor,
1001 3372 1026 3415 et
1034 3369 1133 3429 gemeus
1145 3369 1228 3418 Casto·

133 3439 257 3502 lere,seu
274 3452 371 3503 ponere
389 3436 547 3488 rulrfreu!
579 3439 662 3504 Idem,
697 3439 743 3504 ris]
769 3440 806 3490 Hi
825 3441 894 3489 enim
916 3440 954 3489 dii
969 3447 1030 3489 sunt
1045 3444 1225 3505 navigantibus

135 3517 182 3565 ‘et
202 3514 342 3565 Sthenelus
368 3513 452 3562 sciens
479 3512 587 3578 Pugnae,
606 3516 660 3566 aive
696 3515 807 3564 maxine
827 3514 945 3578 propitii.
988 3515 1081 3566 Horat.
1104 3518 1227 3569 ‘Clarum

132 3604 198 3655 opus
206 3588 404 3653 estimpen'tare
412 3589 496 3652 equis,
505 3591 564 3640 Non
571 3591 661 3655 auriga
697 3589 855 3654 Tyndaridae
866 3589 937 3639 sidus
948 3590 981 3640 ab
997 3591 1095 3640 intimis
1112 3594 1227 3644 Quassus

132 3664 223 3729 piger?
643 3697 660 3727 ,¹
697 3665 811 3729 eripiunt
821 3664 966 3729 aequoribus
978 3666 1066 3718 rates.'
1084 3668 1152 3717 Vide
1163 3667 1227 3717 The·

163 3745 196 3791 Μ
211 3738 336 3805 luppiter]
347 3741 463 3805 Ventus;
479 3743 581 3808 quidam
591 3743 660 3794 enirn
698 3739 808 3788 ocritam
819 3738 961 3790 Dioscuris.

130 3816 351 3882 philosophorum,
369 3825 399 3869 nt
414 3817 607 3871 Anaximander
632 3824 661 3868 et

130 3890 224 3954 Stoici,
235 3897 338 3959 potant,
356 3891 421 3951 nillil
435 3894 505 3943 alind
522 3907 580 3944 csse
599 3907 661 3943 ren·
734 3914 737 3919 ⁴
858 3877 1011 3930 CARMEN
1029 3879 1063 3931 V·

130 3972 283 4031 tamqnam
300 3967 432 4032 agitatam,
445 3969 660 4034 aemautqueu·
730 3979 744 4024 1
765 3975 886 4041 Vtrumne]
901 3977 1044 4030 Admonitu
1062 3980 1160 4045 mortis,
1177 3997 1224 4047 pn·

130 4041 191 4090 dum
202 4040 269 4091 aeris
280 4042 478 4095 volan-fluxum.
497 4043 585 4109 quain
601 4058 659 4094 sen·
696 4049 772 4100 ellam
783 4052 817 4101 ad
831 4051 956 4102 fruendas
974 4068 1063 4103 secum
1081 4057 1225 4119 voluptates

132 4119 214 4169 tentis
224 4126 264 4171 est
273 4122 351 4173 etiam
364 4123 395 4185 is,
407 4124 480 4186 cujus
497 4129 538 4171 est
549 4122 615 4172 liber
626 4122 659 4172 ad
695 4125 853 4178 cohortatur.
871 4131 919 4178 Eat
930 4137 1016 4178 autem
1026 4129 1076 4179 hoc
1091 4145 1224 4194 argumen-
