2752 4694
407 333 661 384 rrnvrururnrs
687 330 862 383 venante.
1119 319 1186 387 ’769
1233 388 1239 397 ,

84 487 137 537 lum
145 496 202 535 esse
211 485 351 535 nonnurinr
360 485 505 537 adfirmare.
522 473 615 536 lucon-
652 484 750 536 tramite
771 482 872 546 lubuit]
904 482 975 548 Lego
997 489 1025 534 et
1044 483 1185 551 distinguo,

84 562 232 612 cinnamihl
248 562 305 612 baso
321 569 350 612 et
365 560 460 625 frigida
476 562 615 613 admodum
652 577 737 626 perque
752 557 979 625 pontamrubditum
995 561 1093 624 Pereia,
1104 563 1130 612 r'n
1146 564 1185 612 rus·

86 652 144 687 cum
163 637 372 701 praecedeutlbus
395 646 423 688 et
450 637 616 704 sequentibus
652 643 766 698 tenorem,
774 633 882 686 seminali
896 634 994 684 tranire
1005 635 1185 698 Imitemur-

85 712 222 774 eounexio,
244 714 369 779 valdeque
390 730 405 765 a
429 716 519 778 lepore
540 712 620 779 bajus
653 727 698 776 pas
715 713 827 762 mundum
842 723 909 759 nome
923 709 1105 762 namesdisius‘.
1131 712 1186 761 Vix

86 786 179 839 Poiitae
191 789 275 839 aliens
286 789 399 841 videtur.
416 788 493 840 Semo.
654 795 719 853 puto
729 786 800 838 aliud
817 784 975 836 commodius
992 782 1088 833 adferri
1100 799 1186 850 posse.
1292 798 1295 806 ’

119 869 160 929 69,
175 869 206 914 66
225 867 287 915 Cras
302 865 349 915 eru
364 881 408 931 qno
422 866 514 930 primur
529 866 617 917 AEtber
655 865 730 914 Idem.

85 943 202 1005 copularit
212 944 319 1007 nuptias,
332 945 365 994 Ut
371 950 442 1008 puter
453 945 512 994 totis
526 950 619 995 crearet
686 943 717 991 'll
731 937 838 1002 Moxque
849 935 964 986 Martiale
972 934 1056 986 morito
1066 935 1109 984 dat
1116 936 1187 998 pudi-

86 1026 169 1067 remus
195 1033 283 1069 annum
306 1019 419 1082 nubibus]
457 1021 498 1068 Ex
519 1019 617 1071 Pitboei
655 1032 706 1067 eam
716 1017 843 1079 uirginem,
856 1015 1040 1078 Romulumque:
1056 1028 1109 1062 eum
1117 1010 1189 1063 orut-

86 1093 188 1143 sobedls
205 1093 425 1158 editum,ereuret.
457 1094 619 1145 Membrana
656 1088 1186 1158 nisipsasecr‘tnaptias]Exigenteomnino

86 1176 194 1232 nostrae,
215 1171 314 1219 creare.
357 1170 402 1220 lta
427 1175 458 1218 ut
482 1169 620 1232 legendum
656 1169 788 1219 sententia
809 1168 847 1218 ita
863 1167 931 1216 bunc
951 1167 1037 1217 locum
1056 1164 1189 1215 consului.

87 1244 216 1307 rideatur,
236 1244 353 1307 copularit
371 1245 478 1308 nuptias,
498 1245 533 1293 Et
550 1248 621 1308 peter
657 1244 747 1292 Meum
758 1241 1043 1306 immane,(rercor,ue
1054 1237 1189 1304 immune,)

85 1316 144 1366 totis
154 1319 244 1367 crearit
253 1332 337 1368 sersus
346 1334 433 1368 meam
442 1317 548 1368 sublim.
568 1318 620 1368 Ini-
657 1317 757 1369 lacinus
768 1325 823 1368 est:
841 1318 1011 1382 cumlegatnr
1021 1317 1049 1366 iu
1063 1316 1190 1377 omnibns,

86 1392 125 1441 tio
136 1393 210 1456 bajus
220 1393 360 1457 Po'e'matii,
369 1394 378 1422 ‘
387 1394 555 1443 Verrenatus
569 1393 620 1443 Au·
657 1395 736 1445 mum
746 1399 835 1444 nostro
849 1394 916 1442 Mac.
935 1392 1061 1442 Romuleae
1069 1391 1122 1456 ipsa
1126 1391 1192 1452 feeit

87 1481 136 1516 uus
147 1474 190 1516 est
198 1466 216 1527 ς’
234 1469 285 1530 rel,
301 1469 390 1518 ‘Vere
402 1475 478 1519 natus
490 1468 551 1519 est.’
572 1469 621 1519 Ar·
657 1486 710 1521 ram
728 1470 826 1520 Sabinis
843 1469 947 1534 nuptias.
990 1467 1067 1521 Quod
1086 1466 1190 1531 quidem

87 1541 146 1591 risit
156 1542 219 1591 mibi
230 1543 356 1606 imprimis
370 1543 512 1594 doctissimi
525 1544 620 1594 Pitboei
657 1556 708 1596 nou
717 1541 966 1609 prorsasdamnarim
974 1557 981 1603 3
989 1541 1034 1590 sed
1041 1541 1191 1590 concinnior

86 1631 171 1666 aer-nus
178 1621 256 1682 pater.
274 1616 314 1668 De
324 1633 375 1684 qno
387 1619 447 1669 vide
457 1620 515 1684 ejus
525 1621 618 1670 Notas.
658 1631 685 1674 et
697 1623 784 1688 potior
799 1623 860 1673 mibi
872 1620 927 1672 risa
943 1626 985 1670 est
994 1620 1051 1669 baec
1061 1618 1151 1681 lectio,
1169 1616 1192 1667 sl

89 1693 165 1744 idem.
264 1726 269 1734 ·
657 1692 793 1763 nonvera,
809 1693 1071 1750 saltemverosimllis.
1097 1694 1174 1744 idem.

120 1772 152 1818 oa
174 1768 323 1834 Undesetue,
338 1769 391 1834 qa]
418 1770 517 1821 Vitium
533 1770 622 1836 prodit
690 1781 721 1827 rs
737 1777 803 1826 Unde
815 1774 927 1836 Ramnes,
942 1779 966 1823 et
980 1769 1098 1834 Quirites]
1126 1770 1192 1819 Cum

88 1845 129 1892 rel
139 1856 226 1893 versus
236 1846 304 1895 male
312 1847 455 1898 ambulans.
485 1848 570 1898 Vetus
582 1847 620 1897 sio
657 1858 685 1906 in
696 1853 871 1918 manuscripto
882 1847 1025 1913 exemplari
1035 1851 1131 1904 exstet,
1144 1845 1194 1894 Uu-

30 1984 32 1988 μ
89 1921 179 1984 babet,
199 1922 347 1984 Undefletus
362 1924 539 1974 miatusomais
547 1925 621 1974 oleret
658 1933 688 1980 de
707 1943 798 1978 somnes
816 1932 840 1978 et
858 1927 978 1991 quiritesa
994 1922 1066 1972 nullo
1085 1920 1192 1984 negotio

89 1998 622 2062 ruagnocorpore:indeunllonegotiorera
658 2004 768 2066 feceris,
798 2004 866 2052 Unde
889 2000 995 2064 suumn,
1022 2003 1045 2047 et
1063 1997 1192 2054 Quirites.-

89 2074 170 2124 lectio
178 2073 291 2133 elicitur,
306 2073 623 2132 Undesetusmiutusemnes
658 2080 765 2142 mugnis,
776 2092 823 2141 pro
836 2092 932 2142 genere
949 2082 976 2125 et
992 2074 1082 2137 stirpe.
1115 2072 1192 2122 Maro

89 2150 163 2198 aleret
173 2163 259 2210 magno
267 2163 371 2211 empore.
388 2150 562 2213 virgilianum
571 2156 623 2211 cst,
659 2155 716 2205 AEn,
726 2169 746 2203 1,
764 2153 821 2202 ‘An
831 2151 923 2201 Phoebi
931 2148 1194 2212 ⁸0r01‚anNymph2.

88 2227 96 2255 ‘
110 2225 235 2289 Conjugis
250 2225 276 2273 in
293 2226 419 2289 gremium
429 2227 497 2277 iaetm
514 2225 622 2275 descen·
639 2276 645 2285 ,
659 2228 715 2279 r'um
728 2227 859 2293 sanguinis
869 2225 946 2276 nnai'
964 2231 990 2273 et
1000 2224 1073 2273 initio
1086 2238 1116 2274 rr.
1126 2225 1194 2289 ‘quo

90 2300 140 2361 dit,
161 2306 189 2349 et
211 2313 298 2349 omnes
320 2302 432 2365 Magnus
460 2302 506 2352 alit
529 2315 623 2364 magno
660 2300 901 2366 sauguinecretus!
926 2300 978 2350 Ubi
987 2297 1195 2356 Serrinn‘Qui-

91 2377 247 2427 oommixtns
258 2376 466 2441 carperemus!
482 2378 558 2430 Sulm.
660 2378 708 2428 bns
724 2379 759 2426 sit
780 2376 929 2443 parentibus
946 2373 1039 2425 natus!
1072 2374 1193 2438 Denique

123 2453 624 2518 titllpsaoenasetquementempermeusts
660 2464 711 2503 vu.
737 2456 787 2503 ‘tu
809 2448 1063 2518 sanguinis'ultimus
1083 2448 1194 2499 auctor!

92 2530 178 2592 spiritu
189 2529 259 2578 Intus
274 2531 371 2579 occultis
384 2529 502 2591 gubernat
513 2542 624 2592 procrea·
661 2529 736 2577 Itlem.

92 2605 253 2667 triremibus]
275 2605 474 2669 Corrsrptissirna
484 2606 541 2653 baec
553 2609 623 2653 arsut.
696 2603 816 2667 Quirites]
833 2605 918 2654 Cives.
930 2604 962 2653 Iu
971 2601 1195 2653 funerisiudictivi

91 2681 133 2729 Ex
155 2681 268 2742 vestigiis
287 2681 423 2744 scripturas
445 2679 510 2730 Cod,
525 2685 624 2729 nostra
661 2681 780 2746 formula,
801 2683 898 2738 ‘Ollus
918 2681 1005 2733 Quiris
1023 2681 1074 2730 leto
1099 2678 1196 2730 datus?

92 2757 130 2806 sio
141 2746 626 2820 eaemeud0,1psauerrasatquementem
664 2757 741 2809 Quod
761 2758 890 2818 singulare
913 2770 1006 2804 nomen
1025 2756 1104 2804 etiam
1122 2770 1197 2816 ,usur-

37 2858 39 2862 ·
90 2831 234 2895 permeantis
243 2831 344 2895 spiritua
354 2833 424 2881 lutus
436 2832 532 2896 occultis
540 2831 626 2891 guber·
664 2841 729 2895 pant
749 2832 793 2880 alii
815 2838 934 2880 auctores
962 2844 1013 2881 nou
1040 2830 1194 2880 incelebres.

92 2911 265 2970 nutproereata
275 2906 379 2956 uiribus:
397 2905 422 2955 id
433 2905 627 2968 est,1psaiutus
666 2906 740 2955 idem.

93 2988 233 3045 procreata
252 2981 382 3043 gubernat
403 2979 512 3029 occultis
531 2978 627 3027 viribus
697 2979 766 3029 Ibid.
784 2980 875 3042 Proque
887 2981 953 3041 prole
968 2983 1086 3042 posterum
1102 2980 1197 3029 Romuli

93 3059 200 3122 spiritns
209 3056 367 3120 permeantis
377 3070 455 3104 renas
467 3062 546 3120 atquc
557 3067 627 3102 men·
666 3060 765 3104 matrem
776 3060 867 3103 crearet
876 3059 899 3102 et
907 3060 1012 3117 nepotem
1023 3052 1149 3114 Curarem]
1165 3052 1197 3101 In

93 3141 156 3184 tem.
184 3132 257 3182 Nihil
268 3131 361 3181 uerius.
390 3130 464 3180 Idem.
664 3127 1199 3180 hacieetioueconsentiuntPitb.etSalm.

127 3205 206 3268 Ibid.]
237 3206 327 3256 Securi
343 3220 429 3255 sumus
455 3205 625 3257 membranas.
665 3203 836 3271 exemplaria.
853 3201 1199 3267 Quamtrmenfalsampro-

94 3287 252 3349 Exquarum
262 3282 627 3346 vestigiiscmendabatSalm.
665 3283 772 3332 nunciat
789 3281 861 3344 Lips.
871 3287 900 3330 et
915 3280 1032 3346 corrigit,
1050 3280 1147 3341 Romuli
1156 3295 1199 3344 pn·

94 3360 152 3423 ipsa
172 3361 241 3408 uenus
266 3363 336 3422 atque
362 3363 463 3407 mentem
483 3357 628 3422 permeantis
664 3362 726 3407 trem
734 3362 826 3407 crearet
844 3362 867 3404 et
878 3361 984 3420 nepotem
999 3356 1124 3405 Caesarem.
1156 3355 1194 3404 Ut

93 3435 192 3499 spiritua
201 3435 270 3483 Intus
278 3433 374 3483 occultis
380 3433 497 3496 gubernat
504 3438 629 3497 procreata
664 3434 704 3483 bae
717 3431 849 3482 blanditiae
861 3433 887 3482 in
900 3432 1011 3498 gratiam
1023 3431 1134 3497 burgasti
1147 3432 1200 3481 siut

95 3510 193 3559 uiribus.
229 3508 289 3558 Alio
312 3523 358 3558 uos
378 3509 450 3558 ducit
469 3509 541 3558 Pitb.
558 3508 627 3573 apud
665 3511 800 3574 quaesitae;
828 3508 1006 3574 scriptumque
1032 3507 1143 3558 Carmen
1172 3507 1198 3555 in

95 3602 184 3651 qoem,
209 3587 359 3650 procreatrix
384 3584 481 3637 ritibus.
523 3586 629 3637 Diserte
665 3587 780 3652 ejusdem
806 3585 931 3650 imperio:
960 3586 1068 3634 ‘Pater
1090 3582 1195 3633 Caesar'

96 3662 629 3726 vet.Cod.prorreatis:etversuautece·
666 3665 716 3726 ipsi
743 3664 824 3712 Divus
850 3663 935 3712 Julius
961 3667 1012 3722 est,
1039 3666 1068 3707 et
1092 3660 1198 3721 ‘nepos

97 3737 186 3801 dente,
214 3739 365 3801 permeanti‚·
401 3738 417 3786 i.
439 3754 462 3788 e.
486 3742 630 3802 permeante.
666 3739 927 3802 Caesnr,’Augnstus.
944 3735 1198 3789 Quamseuteutiam

97 3812 164 3862 Mihi
185 3811 310 3862 divinatio
328 3814 375 3862 sub
393 3828 472 3875 manis,
485 3821 556 3872 nata,
574 3815 631 3877 Ipsa
667 3815 785 3880 sequitur
804 3814 876 3864 Pith.
888 3821 918 3864 ut
929 3827 990 3861 vara
1001 3811 1104 3860 vibiani.
1138 3810 1199 3858 Alio

98 3903 169 3937 renas
184 3903 250 3951 oeque
264 3893 383 3937 amantum
396 3895 530 3951 permeante
544 3889 632 3952 spiritu
651 3902 713 3939 *nos
728 3888 796 3953 rapit
815 3891 953 3938 consensus
973 3886 1051 3934 disum
1068 3884 1200 3945 librorum,

100 3966 274 4039 Iutmocrultr's
286 3965 402 4028 gubernat
410 3966 561 4028 procreatrix
573 3966 631 4014 uiri·
668 3966 712 4030 qui
729 3970 829 4014 matrem
846 3963 968 4011 retinent.
999 3960 1099 4022 Scribo,
1114 3974 1201 4031 perque

98 4042 152 4090 bur:
169 4041 230 4105 Ipsa
240 4041 337 4104 Venus,
354 4040 447 4105 inquit,
465 4040 590 4103 creatrix,
602 4046 632 4089 nt
665 4041 754 4104 prolem
769 4045 885 4102 posteram
897 4036 1001 4094 Romule,
1019 4035 1202 4100 Materrreaos't

100 4116 369 4179 creatorAEtbcr,&e.
396 4117 475 4166 Serio.
668 4120 692 4166 rt
712 4120 819 4180 nepotem
842 4114 967 4161 Caesarem.
991 4115 1067 4160 mater
1086 4117 1127 4160 est
1144 4111 1201 4176 ipsa

131 4196 165 4241 66
189 4192 317 4261 Ρινυὶιιιηι
331 4192 369 4241 sui
393 4199 498 4244 tenorem
523 4192 632 4243 seminali
669 4192 767 4240 Venus.
802 4187 922 4238 Pluribus
933 4186 1004 4237 alias.
1028 4185 1103 4234 Idem.
1129 4189 1132 4192 ’

166 4275 258 4340 Delplu
270 4279 293 4324 rt
307 4273 365 4327 Vur.
375 4275 440 4328 Cius.
614 4274 694 4322 Calui.
1082 4271 1096 4316 3
1115 4269 1136 4317 C
