2752 4694
199 315 265 382 622
446 309 574 381 suurn.
598 331 725 381 suurn
748 333 1049 386 oouunursurus

200 474 208 501 ‘
221 471 273 524 Qui
293 473 377 536 cupit,
397 479 442 523 ant
460 471 564 535 metuit,
582 471 650 521 liber
668 473 730 524 mihi
799 479 815 524 0
832 477 884 525 Nec
893 476 956 539 potis
966 481 1001 525 est
1011 475 1101 525 briseis
1115 475 1240 524 Musarum
1251 463 1300 525 'exa

200 547 314 596 nouerit
326 547 456 610 unquam!
696 567 709 573 ··
764 564 870 614 promere
878 551 967 614 setus]
988 553 1069 601 Paene
1084 552 1214 615 expressit
1233 551 1301 601 illud

233 627 282 673 400
298 622 430 683 Ρσώιόσι
449 638 530 673 moues
545 623 657 684 fraterno
675 638 729 673 sos·
767 624 885 687 Pindari,
901 625 947 674 Kal
962 627 1008 687 ἐγὼ
1023 625 1108 689 νέκταρ
1125 625 1200 688 χυτὸν
1214 628 1302 686 pomis

199 700 381 763 geinesrctres]
393 700 492 764 Vergil.
501 700 626 764 imitatus,
642 700 731 751 ι(1111-
767 698 840 749 Abeo
846 700 984 766 bbtoqbpms
989 701 1085 766 ἀνδράσι
1092 701 1198 765 πέμπων,
1207 701 1301 751 Γλυκὺν

201 776 265 826 dent
275 774 374 838 perfusi
385 777 509 839 sunguine
519 774 648 825 fratrum?
767 777 855 841 καρπὸν
865 779 947 842 φρενὸς
957 776 1091 840 lubriscum.

232 858 280 904 lot
297 855 402 904 Destitit
423 855 539 904 murelos
560 860 630 903 nutus
649 857 730 916 lugere
799 858 816 902 4
835 855 905 902 Meus
914 854 999 917 animi]
1014 854 1058 904 stc
1072 856 1149 904 Lucr.
1165 855 1191 902 in
1207 855 1301 904 eodem

198 931 321 996 parentes]
338 931 391 994 Illi,
404 932 497 996 inquit,
512 930 730 994 mugnofiliisee·
769 944 851 994 prope
879 927 983 995 genere,
1014 934 1195 983 ‘Perturbats
1220 935 1301 985 animi

200 1011 255 1059 lere
265 1007 387 1069 ἀδάκρυτα
398 1024 413 1057 e
424 1009 477 1058 rite
488 1023 632 1059 excessere.
768 1020 840 1054 mens
861 1006 888 1055 ln
911 1023 1021 1058 moerore
1043 1010 1192 1072 metuques'
1219 1017 1301 1075 atque

205 1109 208 1116 ·
233 1087 282 1134 403
299 1083 383 1146 Flore]
398 1084 442 1133 Sic
452 1085 560 1134 Terent.
573 1080 729 1145 ‘Flosipse.'
768 1082 840 1142 alibi,
860 1083 1005 1150 ‘Denique
1015 1098 1061 1133 cnr
1076 1084 1153 1132 enimi
1167 1099 1302 1148 nunquam

201 1160 289 1224 Atque
299 1160 355 1208 lraec
363 1160 389 1208 in
400 1159 536 1213 Catilinam
546 1160 617 1210 <licta
625 1158 731 1223 proprie
768 1171 849 1221 mens,
865 1160 1052 1224 consiliumque
1068 1159 1193 1223 Gignltnr
1211 1159 1239 1209 iu
1257 1163 1302 1211 c'u·

202 1237 332 1297 ridentur,
342 1236 374 1287 de
386 1251 436 1300 quo
451 1237 558 1286 Sallust.
575 1237 731 1286 ‘Postremo
768 1233 847 1297 pites’
864 1234 959 1285 Horat.
970 1250 989 1284 r.
1005 1236 1091 1299 Epist.
1110 1238 1216 1285 ‘tamen
1232 1237 1302 1287 istue

202 1311 732 1375 ceptusumoreAureliseOrestillse,cujus
769 1323 840 1358 meus
858 1310 1007 1374 animusque
1028 1310 1109 1360 Fert!
1136 1311 1210 1360 Idem
1229 1311 1301 1363 forte

203 1395 301 1449 praeter
311 1387 420 1436 formem
436 1388 498 1436 nihil
515 1403 635 1451 umqunm
652 1388 732 1437 bonus
770 1386 804 1434 sit
815 1387 882 1449 opud
895 1385 1073 1450 Aristotelem,
1086 1391 1163 1450 ψυχῆς
1174 1390 1187 1436 b
1198 1390 1260 1452 νοῦς,
1271 1389 1301 1438 in

203 1462 332 1522 landavit3
346 1463 416 1526 quod
428 1463 567 1512 ecnubere
579 1463 616 1511 illi
630 1462 731 1512 dubita·
769 1462 841 1511 libris
852 1465 902 1511 'reis
911 1461 972 1524 presb
981 1462 1013 1511 rb
1023 1463 1118 1512 Φυσικά.

189 1531 356 1596 0111101111
365 1539 509 1601 privignum
518 1539 632 1589 edultum
641 1543 733 1597 aetnte3
802 1544 816 1586 b
834 1539 930 1588 Letbaeo
942 1540 1050 1603 gurg-lte]
1071 1541 1102 1590 lu
1114 1543 1301 1605 manuscriptis

203 1616 249 1677 pro
270 1622 343 1664 certo
363 1615 480 1665 creditur
498 1622 591 1666 necato
611 1613 675 1674 filio,
693 1610 732 1662 rst-
770 1615 996 1676 omnibus,Letlrm'
1004 1617 1111 1677 gurgite.

202 1704 277 1757 cunm
284 1690 386 1740 domum
394 1692 510 1741 scelestis
518 1691 614 1755 nuptiis
621 1690 732 1740 fecisse!
802 1696 817 1739 8
835 1693 949 1755 Ereptum
964 1693 1051 1741 uostir's
1066 1692 1151 1742 obterit
1168 1696 1302 1758 scutulis]

234 1771 283 1815 404
301 1767 402 1830 Igmoro]
418 1767 555 1817 Nescienti
574 1781 633 1814 eum
648 1770 731 1814 matre
769 1765 812 1814 Sic
832 1768 912 1816 etiem
929 1768 1045 1821 omuibus
1066 1767 1093 1816 in
1109 1770 1303 1832 manuscriptis.

203 1854 231 1890 se
243 1854 297 1889 rem
309 1842 414 1891 habere.
770 1841 900 1897 Guarinus
911 1843 948 1891 nit
958 1842 1081 1907 quosdam
1096 1843 1191 1906 legere,
1208 1845 1303 1907 obtegit

235 1913 391 1964 Substsmms
408 1930 433 1964 se
454 1916 528 1978 impio
548 1914 616 1976 nuto]
637 1913 731 1963 Horat·
770 1930 817 1980 pro
828 1919 922 1969 obterit.
946 1919 1003 1982 Ego
1015 1935 1047 1968 es
1057 1920 1151 1980 obterit,
1162 1917 1303 1984 faciebam,

201 1991 491 2054 hocingeuerererbo
506 1989 673 2040 ‘subsidere’
691 1995 733 2039 est
770 1992 856 2042 obruit.
897 2027 899 2032 ,
1056 2014 1059 2018 ·
1127 2016 1135 2041 s

203 2077 277 2113 usos:
294 2063 387 2114 ‘buvet
395 2068 426 2112 nt
435 2069 523 2126 tygres
532 2066 668 2111 subslrlere
677 2078 733 2111 cer·
802 2073 819 2114 9
834 2069 967 2129 Adloquor]
978 2070 1073 2115 Versus
1081 2069 1123 2116 irie
1130 2068 1238 2118 uotlrus:
1251 2084 1302 2120 nee

187 2139 261 2213 luis?
770 2140 839 2190 enim
851 2143 901 2191 ullo
916 2151 958 2191 est
973 2142 1000 2190 in
1018 2143 1204 2206 manuscripto,
1222 2159 1302 2208 quem

237 2366 368 2416 §Sevocat
383 2367 485 2415 edoctis
497 2368 580 2414 Ortule
590 2364 733 2428 uirginibus]
804 2374 835 2418 10
852 2369 1225 2434 Nmuquumegoteeitofmter
1235 2386 1303 2420 oum·

188 2496 190 2502 ,
205 2445 258 2494 Hie
269 2445 313 2494 ille
323 2443 433 2494 fortasse
444 2455 486 2495 est
496 2445 611 2504 Ortalns‚
622 2444 734 2492 Horten·
770 2444 840 2494 bilior
847 2445 970 2509 Aspiciam
978 2445 1087 2509 poslbuc]
1102 2445 1145 2493 Sic
1155 2458 1226 2508 saepe
1234 2448 1302 2496 Tlre·

191 2523 192 2527 ’
205 2523 236 2571 sii
248 2536 337 2586 nepos,
348 2521 423 2583 cujus
437 2520 544 2569 Tacitus
555 2527 583 2569 et
594 2520 732 2569 Suetonius
770 2522 844 2584 ognls
856 2528 884 2571 et
896 2522 995 2572 callim.
1006 2521 1032 2568 iu
1044 2526 1138 2584 genere
1150 2520 1302 2570 Carminum

204 2601 351 2650 meminere.
368 2601 418 2649 Ille
428 2600 496 2650 Auo.
505 2614 536 2649 rr.
549 2599 733 2662 ‘Furorubilif
770 2598 923 2667 sententium
936 2595 1036 2660 profert
1055 2597 1080 2645 in
1099 2596 1186 2659 plures
1203 2610 1303 2647 versus.

202 2676 297 2740 iuquit,
312 2675 354 2723 ‘in
365 2675 479 2739 speeiem
490 2675 617 2736 oratione,
628 2674 679 2724 vim
688 2674 733 2723 im·
771 2672 829 2722 Hac
840 2671 895 2722 fere
906 2672 1045 2736 quereleiu
1056 2672 1128 2720 lueto
1138 2671 1177 2719 uti
1184 2671 1303 2722 homines

203 2750 271 2813 perii
292 2749 385 2811 tenuit,
409 2763 551 2812 censusque
573 2748 733 2812 quorundum
770 2748 886 2798 deelorst
910 2748 1042 2798 Philemon
1064 2745 1141 2809 apud·
1159 2746 1303 2812 Stobaeum,

203 2827 358 2876 Senatorum
367 2826 447 2890 juvit.
480 2826 539 2877 Quo
550 2825 630 2888 magis
641 2824 732 2873 mirum
771 2824 955 2888 eujuseverbis
964 2824 1019 2874 brec
1027 2831 1095 2884 sunt,
1103 2820 1302 2886 ’101011ςὸ011ςρ

204 2903 264 2967 fuit,
274 2904 342 2968 quod
355 2917 446 2966 preces
464 2903 503 2951 M.
516 2902 629 2964 Horteli,
641 2902 733 2951 nobilis
770 2897 853 2948 οὐκέτ’
863 2897 956 2962 ὄψομαι,
965 2897 1107 2947 Ἀπόλωλεν·
1120 2906 1198 2962 atque
1208 2898 1301 2947 eodem

200 2981 315 3043 iuvenis,
332 2981 359 3028 in
371 2985 525 3044 paupertate
537 2977 733 3039 manifestmsu·
771 2989 851 3038 prope
869 2974 946 3024 modo
964 2973 1033 3035 apud
1055 2972 1155 3022 catum.
1177 2971 1301 3035 Nympha

203 3057 309 3119 perbins
316 3056 468 3120 accepisset.
487 3056 576 3118 Nepos
585 3062 640 3102 emt
650 3060 734 3102 orntu-
769 3050 923 3111 lamentans,
932 3047 998 3097 Ἀλλ’
1007 3046 1135 3110 obretimur
1145 3045 1217 3096 πάλιν
1226 3047 1301 3110 bbseu

203 3133 239 3182 ris
249 3133 510 3195 Hortensii‚inlectus
522 3146 537 3180 a
547 3132 607 3181 divo
615 3129 733 3193 Angusto
770 3123 840 3186 tem
849 3122 935 3174 δειλόν.
1016 3139 1020 3148 ’

204 3207 362 3259 liberalitate
373 3208 459 3256 decies
470 3207 620 3255 sestertium
637 3203 734 3253 ducere
803 3206 834 3250 12
851 3201 949 3264 Semper
959 3205 1041 3249 maestu
1051 3205 1093 3259 tuo
1108 3199 1214 3248 cosmum
1224 3205 1301 3248 morte

184 3282 186 3286 ’
204 3296 321 3342 uxorem,
332 3282 465 3344 suscipere
477 3281 581 3342 liberos,
598 3294 631 3328 ne
647 3281 732 3328 claris·
769 3278 863 3340 cunum]
886 3279 917 3325 ln
928 3275 1107 3339 manuscriptis
1118 3274 1236 3323 omnibus
1249 3290 1301 3323 uon

204 3357 268 3404 sima
282 3354 380 3403 familia
396 3353 610 3417 extingueretur.²
643 3354 733 3402 Sueto·
769 3369 860 3415 cunum,
877 3353 923 3402 secl
939 3360 1034 3414 tegam:
1051 3369 1066 3402 e
1084 3368 1134 3416 quo
1150 3351 1301 3403 faciendum

99 3475 102 3482 .
204 3432 262 3480 nius
284 3430 396 3492 Tiberio,
418 3431 494 3481 ‘Quo
518 3427 612 3492 paeto‚’
639 3427 732 3492 inquit,
770 3430 872 3476 omniuo
883 3427 993 3486 videtur,
1004 3431 1089 3491 legum,
1099 3427 1167 3492 quod
1177 3436 1205 3478 et
1215 3427 1301 3480 Aldus

204 3510 356 3571 ‘plerosque
366 3507 493 3556 modestia
504 3515 532 3556 et
543 3506 640 3569 pudore
649 3506 733 3554 doter-
770 3513 829 3554 ente
841 3504 977 3567 impressit.

204 3585 295 3644 rult‚in
303 3584 394 3648 quibus
401 3584 549 3647 Hortalum,
558 3584 591 3635 Q·
600 3583 733 3631 Hortensii
803 3583 833 3628 lb
852 3580 941 3635 Quoliu
951 3580 993 3628 sub
1003 3579 1083 3628 densis
1092 3594 1210 3628 rumorem
1223 3582 1301 3629 conci-

203 3667 336 3723 nepotem,
347 3660 391 3723 qui
403 3660 553 3722 permodica
565 3673 592 3707 re
602 3656 732 3719 familiari,
769 3655 806 3703 uit
827 3655 916 3703 umbris
938 3656 1053 3719 Daulias]
1083 3653 1181 3704 Eodem
1204 3669 1301 3718 genere

203 3743 310 3786 auctore
333 3736 461 3797 Augusto,
488 3736 612 3798 quattuor
638 3732 732 3780 liberos
770 3731 969 3791 comparationis
985 3739 1024 3779 est
1038 3730 1301 3792 usnsVerg.Georg.

203 3808 319 3861 tulerat!
343 3808 394 3872 Ac,
403 3809 424 3857 si
433 3809 453 3857 is
462 3809 565 3872 quidem
577 3821 628 3855 nou
638 3812 689 3866 est,
698 3820 731 3854 ex
769 3818 809 3853 ιν.
820 3805 853 3853 de
865 3804 980 3866 Orpheo,
996 3804 1004 3831 ‘
1015 3804 1103 3854 Qualis
1115 3805 1227 3867 populeo
1237 3819 1301 3854 moe·

198 3888 294 3939 ‘eadem
311 3886 387 3934 olium
403 3882 504 3933 familie
522 3882 601 3933 fuisse
618 3888 732 3944 oportet,
769 3894 828 3928 reus
846 3879 983 3943 philomelo
998 3879 1045 3927 sub
1065 3878 1163 3939 umbra,
1180 3876 1300 3930 Amisso·

203 3977 289 4027 quern,
296 3962 396 4024 opinor,
404 3960 504 4010 Gellius
512 3956 680 4007 Hortensium
689 3970 732 4005 no·
769 3956 887 4020 queritur
898 3954 975 4016 setus,
986 3968 1048 4018 quos
1058 3953 1136 4002 dorus
1145 3961 1234 4003 erutor
1245 3955 1301 4006 Ob·

203 4038 285 4086 minat
301 4036 420 4098 Pobtam,
430 4035 536 4096 Catulli,
547 4033 630 4092 Colvi,
641 4031 730 4081 Cinnae
768 4045 873 4080 servans
889 4029 950 4078 nido
966 4029 1102 4092 implumes
1120 4028 1259 4080 detrusits‘
1271 4039 1300 4081 st

203 4119 231 4159 et
241 4111 349 4159 Memmi
360 4111 501 4160 Poetarum
514 4107 730 4176 sequslemfflor·
767 4107 812 4155 ille
832 4107 892 4154 Flet
917 4112 1030 4165 noctem,
1056 4117 1178 4168 ramoque
1202 4105 1299 4154 sedens

205 4187 316 4236 tensium
326 4180 427 4238 scilicet
436 4187 464 4235 F.
768 4181 910 4231 miserabile
918 4181 1022 4231 eormeo
1028 4180 1158 4244 Integret,
1166 4187 1194 4231 et
1199 4180 1299 4230 mostis
