2752 4694
185 297 251 362 674
546 347 549 351 .
606 310 694 360 saur
720 309 849 360 nouam

185 454 222 502 rit
240 451 336 515 potius,
355 464 430 515 quam
450 451 483 501 de
501 451 552 501 loci
574 451 713 515 asperioris
750 448 879 499 amoribus
894 447 958 499 ιιιιίιΙ
975 449 1085 513 Ιιιὶιιο;’
1102 464 1160 511 seu,
1173 450 1235 517 ‘qui
1251 454 1281 504 in

185 527 337 590 integritate
358 527 384 575 in
399 526 550 588 'ambiguam
571 528 645 576 litem
666 527 712 576 de·
749 526 877 575 amoribus
884 540 916 574 ac
926 527 1026 576 deliciis
1035 541 1063 576 es
1073 526 1158 577 mlhir'
1176 529 1281 579 Paulam

186 605 330 665 scendere3
347 605 419 668 quasi
441 618 501 653 sero
511 602 615 653 difficile
625 605 711 654 admo·
748 600 1048 663 circamanentium
1067 601 1171 651 scilicet
1188 617 1282 654 ausum

185 677 380 729 dusnt‘ueritex
400 677 542 740 ‘effusum’
558 679 710 745 ‘effossum’
749 674 879 738 denegare
900 674 970 738 mihi,
992 677 1065 738 Cujus
1092 689 1141 739 ego
1169 677 1281 740 cupiens

184 755 354 817 exsculpere;
370 753 394 801 ei
405 755 547 816 praesertim
557 756 711 819 antiquario,
749 764 819 799 eram
830 750 959 799 maxime?
975 765 1059 815 neque
1070 752 1172 813 mirum,
1182 753 1210 801 in
1221 759 1282 802 tan·

184 829 226 878 cui
236 836 296 892 post
308 835 360 877 turn
375 829 502 878 assiduam
514 846 545 879 ac
560 831 710 894 diligentem
749 833 777 876 ta
788 825 865 875 animi
882 827 1048 891 corporisque
1067 826 1223 890 aegritudine
1234 842 1282 891 pc·

182 904 307 954 librorum
322 907 450 956 Veterum
468 907 663 970 tractationem,
674 909 711 971 ig·
748 903 813 951 situs
824 902 934 966 scilicet,
945 902 994 964 Aa,
1008 903 1155 952 continenter
1170 905 1231 965 qaod
1241 919 1281 954 se-

183 995 246 1032 nsra
257 997 315 1032 essa
333 997 384 1031 non
400 983 496 1046 potuit,
507 983 640 1033 vocalium
652 985 710 1032 ista·
747 979 809 1028 auls
826 979 911 1027 insulsi
931 978 1281 1043 calumniationem

182 1070 250 1120 rum,
276 1058 301 1107 U
324 1062 353 1106 et
373 1057 409 1119 0,
436 1056 536 1107 scilicet
566 1058 711 1122 prorniscue
750 1054 910 1116 continenter,
930 1053 957 1101 id
979 1058 1028 1116 eet,
1052 1053 1143 1103 ordine
1164 1056 1282 1118 perpeti,

182 1133 327 1196 usurpatio,
336 1147 432 1201 ¹operas
443 1133 512 1182 inter
527 1148 555 1183 se
574 1134 646 1199 quasi
657 1149 710 1182 mn·
748 1127 867 1192 aequasi
886 1128 914 1176 in
932 1127 1029 1176 lineam
1048 1127 1208 1178 continuatio
1229 1128 1281 1179 fre·

182 1213 242 1273 tuas
254 1208 420 1271 tradentium,
439 1223 470 1259 ao
487 1208 595 1258 subinde
615 1224 663 1273 pro
682 1224 711 1259 re
748 1211 872 1268 quentes3
892 1203 935 1252 val
952 1202 1049 1267 polius,
1064 1202 1184 1267 spissiore
1204 1205 1280 1255 relat

182 1291 253 1346 nata,
261 1284 304 1334 vel
311 1285 398 1348 potins
408 1283 515 1335 arbitrio
523 1284 711 1348 exscriptorum
748 1277 1279 1343 orbeiactoinunumpariterconglobati,

182 1361 321 1411 itationem
339 1359 551 1410 commutantium
561 1358 710 1410 vicissatim.
747 1356 820 1420 quasi
831 1356 860 1404 in
868 1348 984 1404 Velabro
993 1353 1085 1403 alcarii
1097 1353 1130 1402 de
1140 1361 1278 1416 compacta

316 1418 318 1423 ¹
748 1437 870 1494 gerentes
887 1429 980 1479 omnia.
1015 1428 1069 1478 Nec
1085 1427 1228 1478 se'sableaat
1247 1446 1279 1479 ea·

359 1484 537 1536 CAPUTIX·
747 1503 1279 1570 maparte,sedoelutalnuslnfossaLigro·i

241 1584 358 1635 Catullus
369 1583 499 1632 saltuatim
511 1594 656 1646 percursus.
741 1580 807 1640 jacet
813 1579 1043 1645 suppernatascessri,
1049 1579 1192 1629 Tantundem
1197 1581 1278 1629 omnia

214 1659 389 1725 Reliquiarum
409 1659 458 1706 hoc
474 1657 570 1719 Capite
588 1654 710 1721 reliquias
746 1655 1076 1720 sentiens‚puamsiaullasit
1084 1670 1187 1718 usquam
1196 1657 1276 1706 Haud

181 1734 304 1797 colligere
314 1733 449 1782 decretum
461 1738 501 1780 est
510 1731 581 1795 milri,
592 1745 645 1780 uon
655 1731 710 1794 qui·
747 1731 869 1781 absimilis
888 1731 948 1781 huic
965 1737 993 1780 et
1011 1731 1113 1794 argutia
1122 1731 1169 1780 ilia
1178 1733 1276 1796 hyper·

180 1807 241 1861 dens
263 1807 395 1868 distincte,
421 1812 466 1857 ant
488 1819 545 1854 curn
568 1819 641 1868 cura,
663 1805 709 1854 sed
746 1807 839 1870 bolico,
856 1807 883 1856 in
902 1821 931 1855 re
953 1821 1057 1870 prorsus
1075 1807 1186 1870 gemina,
1205 1808 1277 1872 apud

179 1896 242 1932 vcro
260 1880 377 1944 confuse,
393 1895 424 1930 ac
445 1881 613 1930 tumultuaria
630 1896 709 1945 opera
745 1882 895 1932 Martialem
914 1895 1012 1930 meumz
1040 1879 1092 1931 ‘At
1107 1881 1204 1932 Chione
1222 1897 1275 1933 non

179 1956 370 2022 potius,inqua
380 1957 486 2006 ordosit
496 1956 594 2006 nulium
605 1971 707 2007 servare
743 1959 824 2008 sentit
834 1973 908 2021 opus,
925 1971 975 2007 nec
991 1956 1099 2006 vocibus
1115 1957 1175 2007 ullis
1192 1957 1277 2022 Adju-

179 2032 305 2089 asdinem.
338 2032 434 2081 Irascor
448 2031 493 2080 tibi
503 2033 537 2082 sic
547 2048 609 2082 meos
618 2032 709 2089 amores
743 2041 803 2084 vat:
816 2034 959 2096 absentem,
967 2045 1170 2081 marmoreamve
1177 2033 1275 2095 putes!

179 2107 283 2157 Paulam
293 2107 412 2171 quidlalrct
428 2109 583 2176 allocutionis,
597 2111 708 2160 Martias
744 2108 787 2158 Ad
797 2109 923 2158 ulteriora
938 2120 1001 2156 vero
1017 2105 1124 2170 gradum
1134 2106 1275 2171 aliquando

178 2183 460 2248 hemmisdisnonideis?
447 2183 534 2236 llta
550 2186 707 2236 haecdistin·
743 2198 915 2249 capessamus
940 2182 1021 2246 ipsias
1029 2187 1084 2230 ante
1096 2183 1168 2244 pedes
1181 2183 1275 2246 fluctus

178 2259 282 2323 guenda
292 2259 635 2325 arbrtror‚1nterrogatsonrs
645 2268 707 2312 nota
742 2261 800 2310 salia
820 2259 962 2309 alludebant.
1010 2258 1092 2319 Bene,
1113 2258 1195 2306 hoc
1187 2272 1274 2321 rpaum

178 2347 232 2384 non
257 2342 318 2399 post
336 2349 434 2396 amores,
453 2335 530 2398 illico,
549 2350 639 2386 varum
660 2337 706 2387 sub
743 2336 863 2385 Muretus
874 2333 1274 2386 ad'l'ibullianumilludaocom-

178 2409 264 2472 ipsum
290 2423 372 2473 nsque
399 2409 598 2472 Epigrammatis
620 2409 707 2474 tinem,
733 2407 1272 2471 modona,‘Imavidebatustnlisiliudere

178 2489 251 2545 puta,
262 2483 371 2547 lampaia
389 2483 542 2546 Simonideis,
554 2485 706 2548 transscrip·
742 2485 838 2549 palla?
855 2483 1183 2549 pro,identidenspercatcre,
1192 2488 1273 2538 inter-

178 2563 222 2606 ta·
248 2570 331 2620 neque
351 2571 382 2605 eo
409 2563 496 2607 tamen
523 2558 625 2622 sequius
645 2559 706 2609 viris
743 2568 861 2629 pietatus
882 2569 924 2612 est
945 2561 1036 2611 nobis·
1065 2562 1142 2626 bene,
1158 2564 1274 2653 inquam,

177 2631 287 2680 eruditis
307 2630 467 2680 subscribere
489 2637 541 2682 stat
559 2635 705 2699 sementim
742 2639 908 2705 proprieque,
919 2652 968 2688 nec
983 2652 1046 2687 vero
1063 2640 1168 2703 antique
1180 2641 1271 2692 minus.

178 2705 270 2770 quibus
279 2706 565 2770 genusistudorationis
576 2708 706 2777 concisum
743 2715 813 2767 Quid
825 2713 893 2763 euim
904 2711 974 2762 aliud
991 2713 1079 2763 Plaut.
1097 2714 1271 2780 Mostellaria,

177 2795 235 2831 esse
255 2789 283 2832 et
301 2780 449 2830 internata
467 2782 567 2846 placet3
591 2782 624 2833 ad
640 2784 705 2834 indi·
741 2789 786 2839 ubi
803 2789 893 2839 herum
909 2803 981 2838 suum
995 2789 1183 2852 Theuropidam
1198 2805 1272 2841 mero

176 2856 285 2906 caudam
297 2857 348 2905 viru
359 2861 387 2905 et
397 2857 598 2920 magnitudinem
610 2859 705 2910 doloris
741 2865 820 2915 etiarn
826 2864 933 2914 meridie
940 2863 1093 2927 caligantem
1101 2872 1272 2929 percontatur

176 2930 297 2981 scilicet:
312 2932 435 2981 hactenns
445 2933 556 2996 quidem,
567 2948 626 2984 nam
636 2937 705 3000 quod
741 2939 854 2990 Tranio?
870 2937 983 2988 ‘Viden’
994 2939 1102 3003 pictum,
1119 2938 1165 2989 ubi
1184 2941 1272 2990 ludifi-

175 3004 254 3054 iidem
265 3006 310 3055 isti
319 3007 410 3070 prioris
419 3007 555 3058 Phalencii
566 3010 705 3061 clausulam
741 3020 817 3064 catur
838 3012 929 3063 cornix
956 3027 1008 3061 una
1028 3013 1154 3063 volturios
1175 3014 1256 3065 duos
1252 3017 1271 3052 i'

175 3068 381 3156 interpretantur
406 3081 455 3131 hoc
482 3083 578 3143 mod03
602 3083 704 3134 Siccine
740 3089 810 3138 Nam
825 3087 939 3176 quamvis
958 3101 990 3137 eo
1004 3088 1062 3137 loco
1078 3101 1166 3138 servus
1186 3091 1270 3141 multo

174 3167 245 3203 meos
258 3152 703 3220 amorasateperviderintmeli·
739 3163 911 3228 nequissimus
938 3162 1056 3212 comicos
1087 3177 1161 3214 senes
1193 3166 1270 3230 duos,

174 3237 245 3276 orem
257 3229 317 3277 milri
334 3231 537 3280 consolationem
551 3233 702 3283 nullamad·
739 3251 804 3302 quos
822 3238 887 3288 risus
907 3238 1027 3287 movendi
1047 3253 1125 3288 causa
1144 3240 1270 3293 ‘volturi-

173 3301 260 3350 ieras?
279 3306 328 3352 lac.
362 3304 435 3353 Pace
454 3313 501 3354 tna
521 3307 598 3356 liceat
618 3309 702 3371 nobis,
739 3311 827 3362 orum¹
838 3327 941 3362 nomme
951 3327 1024 3377 quasr
1040 3313 1123 3377 digito
1138 3315 1270 3382 designat,

173 3368 288 3444 Murato,
299 3377 417 3441 profari3
435 3381 532 3430 Nescio
553 3383 598 3446 qui
611 3397 703 3434 sensus
738 3387 813 3437 ludos
824 3386 891 3451 fieri,
900 3389 949 3438 hoc
960 3394 1009 3451 est,
1018 3388 1091 3438 illasii
1099 3391 1189 3454 praba,
1201 3392 1269 3444 frus·

172 3465 225 3522 non
246 3453 334 3516 placet
352 3455 401 3503 iste
418 3456 487 3506 milri.
518 3459 609 3508 Nihilo
621 3461 700 3524 magis
738 3467 854 3527 traquea
865 3463 1268 3520 sevaierrimacorniculahabe-

172 3528 270 3592 ntique,
280 3542 355 3592 quam
373 3529 455 3578 altera
469 3530 514 3580 illa
530 3532 600 3581 unici
615 3532 700 3584 Inter·
737 3535 770 3596 ri,
781 3536 820 3584 sic
830 3542 951 3601 tanquam
963 3538 994 3588 li
1005 3539 1114 3601 αἰνιγμῶν
1124 3540 1268 3606 significan

171 3603 253 3665 pretia
273 3605 450 3668 transpositio,
466 3621 529 3655 meos
547 3621 647 3670 amores,
666 3609 702 3658 ad
736 3610 763 3658 ia
786 3609 861 3658 aliam
881 3615 966 3657 tamen
985 3617 1086 3696 partem
1109 3616 1270 3674 percontati·

171 3678 263 3729 Po'etae
275 3679 425 3729 catamitum
437 3683 665 3733 accommodare·
641 3685 699 3748 ursi,
736 3696 811 3733 onem
828 3696 900 3730 suam
911 3682 997 3745 accipi
1007 3697 1023 3734 a
1033 3685 1197 3749 'liseuropide
1208 3702 1268 3750 pos-

171 3768 249 3819 quem
259 3760 375 3804 maestum
387 3756 543 3807 allocutione
554 3773 600 3808 sua
610 3760 699 3809 Carnu
736 3757 803 3807 tulat
822 3756 929 3818 Tranio,
959 3763 987 3808 at
1006 3758 1115 3809 bardum
1134 3761 1217 3823 illum,
1236 3762 1266 3811 τὸ

171 3828 328 3879 ticrussolarr
340 3831 506 3895 neglexisset
540 3834 609 3886 Quid
617 3836 700 3886 enrrni
735 3832 914 3897 ‘ludificatum'
931 3848 979 3898 pro
1003 3834 1102 3899 ‘ferit'
1126 3837 1266 3901 ‘appetit,'

168 3890 578 3970 nonestullum,puerumreejus,
584 3908 701 3958 sedvero
733 3908 1170 3975 ‘vellicatqneidantidemrostro‚'
1190 3917 1265 3978 quasi

170 3978 428 4044 eomifieiunipsum
436 3982 520 4032 notari
531 3983 677 4042 existimas
671 4000 701 4034 ιιι
733 3984 800 4034 serio
810 3998 826 4033 a
836 3999 874 4049 se,
882 3984 975 4035 haud'
962 3999 1024 4049 Joco
1035 3987 1171 4051 quesitum
1183 3989 1264 4038 inter-

168 4052 626 4121 benesonantemsieneosamora:
638 4059 697 4109 snb·
732 4060 848 4124 pretori:
878 4060 947 4111 unda
973 4061 1079 4125 Catulli,
1106 4062 1266 4114 ‘abludere'

169 4127 241 4198 audi,
262 4129 329 4194 Ula,
345 4145 422 4197 quem
439 4132 587 4187 mehercule
604 4147 654 4200 ego
669 4134 699 4186 in
731 4136 814 4202 istud,
838 4137 900 4188 item
920 4135 1096 4191 'libullisuum
1118 4139 1263 4206 ‘illudera‚’
