2752 4694
392 335 444 383 an
466 332 633 382 variants
656 331 919 381 ranvrcrmou.
1133 315 1199 384 787

101 472 173 535 Lips.
184 486 243 522 curn
253 471 324 522 Pitlr.
335 478 364 522 et
374 473 493 533 Weitzio,
506 471 550 523 coi
566 473 574 500 ‘
586 486 630 521 ve-
667 470 757 521 ‘Ante
766 470 857 521 lectuli
868 471 951 535 pedes
960 470 1067 535 jacebat
1077 485 1161 534 arcus,
1170 480 1199 522 et

101 546 174 595 bere’
185 547 226 595 bic
236 555 285 608 est,
296 546 431 597 recondita
440 548 538 597 babere
548 561 631 610 arma,
667 547 797 608 pbmena,
807 553 835 596 et
845 546 958 609 sagitta,
974 547 1061 610 magni
1076 547 1129 598 Dei
1140 562 1200 612 pro·

99 622 177 671 sicuti
189 621 305 670 dicimos
321 622 355 670 ad
372 623 506 671 Ρεεείεεεε
517 637 630 671 sororem
668 623 733 685 pitia
743 621 815 673 tela!
831 624 970 684 Cumergo
981 625 1200 685 prostituentes

99 696 426 757 ‹lixitfveberoterenta’
458 699 631 749 Quonomine
667 698 799 758 legeretur
822 699 906 759 dmm,
927 697 994 746 Scal.
1015 698 1099 748 edidit
1118 713 1200 762 perra.

100 774 168 822 band
185 789 265 838 usque
287 775 353 823 adeo
373 773 545 837 inprobanda
563 771 631 823 forat
667 771 923 836 Sentrpnetsdm.
934 772 1200 825 laudantistuthitlt.

100 849 234 899 adnotatio
244 851 351 899 Meursii
362 852 390 898 ln
399 864 445 898 ora
455 850 525 911 libri,
534 850 631 899 texerit.
667 853 752 910 nudas,
763 858 791 900 et
802 851 834 900 ad
851 852 1009 902 sententiam
1026 857 1099 901 recte
1114 851 1200 900 valere

101 925 226 975 Quamvis
236 925 319 974 Scrlr.
336 938 411 973 secus
429 924 520 987 risum,
536 924 580 988 qni
598 938 632 973 cx
655 934 783 976 censent.
814 928 858 976 Sic
870 929 939 977 enim
955 934 983 978 et
999 926 1069 977 infra
1079 941 1146 976 vers.
1158 931 1201 978 bd.

100 1000 249 1049 melioribus
273 1000 352 1049 codd.
371 1000 509 1048 Pmdentil
540 1007 632 1049 contra
667 1001 770 1052 ‘Jrrssit
793 1002 908 1051 ernado
931 1000 1029 1064 puellas
1051 1001 1088 1049 nil
1110 999 1201 1050 Amori

100 1075 197 1137 symm.
208 1076 252 1124 lib.
264 1089 296 1124 rt.
304 1090 373 1124 vers.
384 1079 442 1122 533.
452 1076 521 1122 bunc
532 1075 632 1137 citavit,
668 1076 794 1126 credere:
827 1077 908 1127 Amor
919 1075 1027 1126 feriatus
1043 1083 1072 1126 et
1088 1075 1202 1137 inermis,

101 1151 181 1199 ‘Non
200 1157 299 1198 armata
313 1150 414 1210 Venus,
430 1162 481 1197 non
500 1156 561 1198 tunc
578 1150 632 1212 cly·
668 1151 793 1215 neuquid
808 1166 879 1212 arcu,
896 1166 946 1201 nen
963 1151 1023 1215 qnid
1040 1151 1101 1213 igne
1113 1150 1203 1213 laedat,

101 1232 179 1287 pcata
190 1225 312 1272 Minerva
328 1225 431 1272 Verere
443 1223 564 1272 arixilinm
572 1228 590 1272 τ’
605 1225 632 1272 id
671 1226 789 1276 coelitem
801 1226 899 1275 indicat
910 1226 1041 1286 Amorem,
1048 1226 1147 1284 mitem,
1157 1226 1203 1274 bo-

100 1308 151 1360 est,
170 1299 253 1347 tulere
264 1295 281 1346 :‘·
294 1298 357 1347 alias
375 1298 496 1348 ‘Venere
519 1299 633 1350 auxillo!
669 1302 751 1350 neatis
763 1301 951 1364 cupiditatibus
969 1306 996 1348 et
1012 1299 1109 1349 ritibus
1120 1312 1202 1350 sactu

100 1375 190 1439 Atque
200 1375 238 1422 sic
248 1373 335 1422 sanior
344 1388 446 1437 quoqne
458 1375 538 1422 Salm.
551 1375 634 1438 expli·
669 1378 787 1426 caritatis
803 1377 985 1436 exsultantem,
996 1375 1202 1438 antiquissimum

100 1450 260 1514 catio,‘qna‘
274 1448 382 1497 vobere’
398 1465 446 1511 pro
458 1448 527 1499 ferre
539 1457 567 1500 et
578 1466 634 1513 gea·
670 1453 828 1513 numemcoi
844 1466 872 1500 ae
889 1460 989 1500 natura¹
1007 1451 1085 1500 debet
1099 1450 1203 1501 aeterni·

101 1532 158 1577 tare
171 1540 227 1573 aero
245 1526 298 1586 illo,
313 1540 363 1590 quo
375 1526 469 1574 uixisse
482 1534 558 1589 putat
569 1527 633 1576 Per·
672 1537 721 1591 tas,
740 1529 891 1578 mortalibus
914 1529 1008 1578 liberos
1027 1528 1124 1576 usitata
1140 1541 1203 1576 con·

100 1603 184 1665 vigilii
195 1602 348 1663 Auctorem,
365 1603 431 1652 dixit
448 1603 587 1664 usitatnm;
604 1611 634 1654 nt
667 1605 736 1668 jogli
753 1605 852 1667 pietate
870 1611 1055 1667 prestantem
1071 1616 1122 1651 non
1139 1603 1204 1651 alte·

100 1678 171 1741 apud
182 1678 269 1728 Amm.
281 1678 400 1727 Marcell.
411 1680 521 1728 crebro:
538 1694 579 1728 ex.
595 1694 634 1742 gr.
672 1694 726 1728 mm
749 1679 899 1742 vulgarium,
925 1678 1079 1743 inquietum,
1105 1677 1205 1727 lascivi·

100 1753 145 1800 lib.
158 1765 217 1801 xva.
234 1752 415 1800 ‘Anteriorem
423 1752 564 1816 chlamydis
575 1768 634 1816 par·
671 1755 790 1818 cutisque
809 1755 896 1803 aetatis
918 1755 1040 1804 instincto
1061 1755 1203 1803 tumultun·

102 1827 491 1890 temntraqnemonnvebena!
518 1829 632 1890 sagittas
671 1845 725 1878 sum
753 1845 784 1879 ac
814 1831 984 1892 petulantem,
1007 1828 1065 1880 telis
1087 1827 1202 1878 t‘unareis

102 1915 163 1949 vero
183 1899 264 1949 Amor
286 1901 384 1951 idcirco
406 1911 509 1964 gestare
536 1904 633 1955 dicitur
669 1905 822 1970 facibusque
833 1913 970 1967 armatum,
984 1913 1012 1954 et
1023 1906 1133 1959 incesta.
1145 1904 1202 1954 libi·

101 1975 193 2024 Servin
204 1976 237 2025 ad
250 1976 307 2024 AEn.
319 1991 338 2025 r.
350 1978 391 2026 rel
402 1979 462 2041 qnia
473 1977 594 2028 Amorem
604 1987 633 2030 ct
669 1980 752 2042 dines,
764 1981 888 2029 adulteria
904 1988 931 2028 et
948 1978 1101 2028 meretrices
1113 1991 1204 2040 procu·

101 2049 234 2098 libidinem
245 2052 360 2114 seqnitur
369 2060 497 2113 punctura
506 2054 632 2116 poeniten·
669 2061 780 2103 rentem.
804 2053 891 2102 Verba
903 2053 1012 2105 Quintil.
1024 2053 1143 2101 Decium.
1155 2063 1202 2100 xv.

102 2127 146 2175 tie
157 2130 186 2174 et
201 2124 291 2185 dolor;
310 2126 351 2174 vel
371 2127 429 2189 quia
447 2127 510 2191 ipsae
527 2129 632 2179 incerto
670 2128 707 2177 Et
728 2127 754 2176 in
776 2127 830 2189 illo,
851 2127 895 2191 qui
919 2128 975 2190 jam
998 2125 1142 2190 proximum
1164 2138 1204 2174 aa·

102 2201 255 2264 velocesque
267 2208 334 2250 arunt
368 2203 452 2252 eram
464 2205 633 2264 posteriorem
670 2203 765 2266 quitur.

102 2277 226 2324 rationem
246 2276 362 2325 reddidit
387 2291 490 2341 ortoque
512 2279 633 2340 Propert.
703 2281 735 2326 ili
751 2276 799 2326 uso
814 2282 893 2326 tumea
909 2281 989 2325 εεεειε
1006 2275 1204 2338 Nympbae‚qrrod

102 2351 330 2415 lib.tt.Eleg.12.
352 2354 406 2402 ‘Et
418 2354 512 2403 merito
524 2355 633 2405 hamatis
672 2353 763 2415 Cupido
778 2353 874 2415 pulcher
884 2357 934 2402 est:
951 2353 1023 2401 Totas
1038 2356 1074 2399 εει
1090 2350 1115 2400 ia
1131 2350 1204 2400 mit

103 2440 193 2476 manns
205 2433 244 2475 est
254 2434 352 2478 armata
369 2429 479 2491 sagittis,
497 2431 531 2478 Et
542 2432 634 2493 robore·
670 2428 742 2490 wem,
751 2430 845 2490 mondo
854 2430 929 2486 sadus
939 2426 1070 2490 estArnor]
1088 2427 1203 2477 ltabene

48 2523 51 2526 >
103 2502 634 2568 traexlmmernGnossiautroqnesonat.
671 2505 765 2552 iterum
777 2503 1027 2568 Pitb.judiceLips.
1043 2501 1204 2560 Armaouira

102 2578 174 2628 Ante
189 2577 252 2628 ferit
263 2580 391 2642 qnoniam,
402 2580 451 2629 tuti
464 2594 539 2644 qnam
551 2581 635 2631 cerni·
668 2579 789 2642 jamtum
804 2579 992 2641 nominaverat,
1009 2593 1107 2642 arcam,
1123 2579 1204 2644 sagit·

102 2669 161 2703 mus
179 2654 289 2716 bostem,
306 2655 365 2703 Nec
384 2656 522 2718 quicquam
540 2670 573 2705 ex
590 2656 634 2707 illo
673 2662 735 2711 tam,
755 2653 848 2716 ignem.
881 2654 966 2705 Homo
990 2669 1050 2704 vero
1072 2655 1136 2704 ‘in’
1157 2663 1204 2706 aut

104 2730 209 2778 vulnere
220 2744 297 2778 sauna
308 2729 380 2781 abit!
635 2763 638 2766 -
672 2729 740 2777 ‘sub
757 2728 849 2777 armia'
867 2730 1018 2780 vocabatur.
1052 2732 1090 2780 Ut
1109 2731 1203 2794 virgil.

135 2809 166 2854 tt
185 2806 223 2854 Ιιε
234 2805 363 2868 Nymplroe,
376 2806 455 2868 posuit
472 2805 636 2866 ormn,seria-
671 2802 772 2851 ‘Sedet
788 2804 886 2851 circum
908 2805 1016 2854 castella
1038 2805 1085 2854 sub
1108 2804 1203 2857 armis?

101 2884 143 2928 trra
163 2884 198 2927 εει
217 2884 300 2940 Amor,
313 2881 400 2927 danna
419 2885 453 2928 εει
474 2880 574 2929 inermis
592 2881 654 2942 ire,
674 2877 758 2927 Quem
783 2877 900 2926 imitatus
926 2885 955 2928 et
990 2879 1117 2930 Prudent.
1144 2879 1205 2941 adv,

102 2957 178 3004 eadm
189 2955 372 3014 ircjorsnsest,
385 2955 637 3016 Neoptolemum
674 2951 770 3013 Symm.
788 2948 857 2999 intra
876 2950 908 3000 ad
928 2966 996 3001 vers.
1015 2958 1055 3001 ⁶1.
1077 2952 1205 3003 addocen-

101 3031 205 3092 aogr'tto,
224 3043 269 3076 oea
287 3027 343 3090 quid
361 3029 421 3089 igne
435 3029 541 3094 ιειὶεεει]
567 3029 636 3077 Nam
670 3025 731 3075 dna.
764 3027 801 3076 Et
811 3027 1084 3090 Ennius,‘Lereaque
1096 3042 1219 3091 aliquun-¹

96 3120 162 3156 cum
180 3104 302 3166 Orpheus
319 3104 423 3167 Hymuo
440 3104 518 3166 ipsius
534 3103 637 3153 habitus
675 3104 718 3149 tur
746 3101 771 3149 in
791 3101 869 3149 hastis
879 3101 895 3149 :'
922 3116 978 3164 pro,
999 3101 1150 3163 ‘armatus,'
1177 3108 1206 3152 et

103 3180 143 3228 ita
165 3177 344 3243 patefecisset,
362 3180 478 3240 totnani,
502 3177 639 3242 respiraro,
673 3174 807 3224 ‘hastati’
840 3177 875 3224 Et
899 3175 942 3226 hic
965 3184 1008 3226 εει
1034 3192 1124 3228 sensus
1150 3177 1207 3229 Sal·

102 3254 248 3318 περίδρομον,
275 3253 331 3314 ἡδὺν
352 3255 452 3319 Ἔρωτα·
493 3254 640 3317 arriserunt,
674 3251 768 3300 masio:
795 3251 894 3300 Cavete
920 3253 1048 3317 Nympbae
1071 3253 1142 3323 rubia
1170 3255 1205 3308 ab

103 3333 205 3398 ειειεεε,
219 3334 323 3394 celerem,
341 3332 489 3394 ssommbpu
510 3336 637 3394 potentem,
674 3327 766 3375 inermi
794 3333 823 3375 et
849 3326 918 3377 nudo
939 3343 1041 3394 qrroque
1068 3330 1207 3394 Cupidine.

97 3407 237 3457 celebrans
249 3406 371 3456 Amorem
383 3424 390 3457 ε
408 3407 530 3458 Pallados
547 3412 639 3456 contra
674 3401 753 3456 Quod
763 3403 831 3452 enim
842 3403 951 3465 pulcher
966 3412 1016 3468 su,
1034 3413 1102 3456 totus
1114 3415 1155 3457 est
1166 3421 1206 3457 ar-

105 3485 176 3534 undo
190 3486 310 3548 iusignia,
326 3487 469 3548 potentiam
487 3485 640 3534 animorum·
675 3488 768 3543 matus,
788 3483 866 3533 etlam
887 3498 945 3533 cum
964 3486 1042 3535 armis
1057 3493 1161 3544 exutus,
1177 3492 1206 3536 et

105 3559 640 3624 quemotussignificantia,addidit,rapula
675 3560 758 3608 nudus
770 3567 819 3609 eat.
843 3560 910 3609 Nam
922 3563 1085 3624 pulchritudo
1096 3563 1133 3611 illi
1143 3563 1206 3612 satis

100 3635 175 3698 'Epor
190 3635 639 3702 διὰτεῦεο”γελᾷ,κειμείλιχιςέστεν,
676 3635 760 3700 valida
782 3644 922 3698 armatura,
946 3650 1023 3700 qrram
1045 3637 1135 3699 utique
1157 3650 1205 3699 pru

107 3713 143 3761 οὐ
160 3712 207 3775 ’γὰρ
223 3711 274 3774 ἔχει
289 3713 358 3774 τόξον
375 3713 415 3763 nol
436 3713 550 3777 modona
567 3710 641 3774 dian,
676 3711 733 3761 face
758 3719 785 3761 et
809 3713 863 3760 telo
890 3710 975 3759 babet.
1006 3710 1050 3759 Sic
1078 3708 1207 3768 Prudent.

105 3807 127 3838 κ.
138 3807 162 3838 r.
174 3796 199 3838 λ.
226 3791 311 3839 Nudus
328 3805 394 3838 umor
412 3790 484 3849 ridet,
501 3791 597 3837 loetotur
614 3791 639 3836 et
675 3787 813 3851 Psychom.
841 3801 952 3850 pugnam
981 3799 1039 3837 cum
1065 3784 1207 3835 sobrietate

105 3865 154 3926 iile,
166 3879 208 3913 nec
219 3879 295 3922 orcas,
313 3865 365 3914 Neo
375 3864 501 3927 flammato
516 3865 580 3924 gerit
590 3863 639 3924 rpi-
677 3865 825 3914 describens
837 3863 967 3925 erxuriae,
983 3865 991 3896 ⁴
1004 3863 1070 3912 Quae
1082 3875 1140 3909 cum
1154 3875 1208 3923 pan

105 3941 168 4000 cala,
177 3940 216 4002 oei
224 3939 370 4001 pharetram.
401 3941 463 3991 dare
473 3938 564 4001 quidem
577 3942 639 3985 recto
675 3940 771 4000 vigilent
781 3940 902 3989 ructabat
913 3937 1027 3987 marcida
1041 3950 1140 3987 coenam
1153 3937 1206 3986 Sub

99 4013 188 4078 florem
198 4014 351 4076 delpbiaaqne
361 4019 456 4075 gestat:
475 4014 586 4062 Continet
596 4012 639 4061 lano
676 4014 770 4076 lucem,
787 4017 848 4078 qnia
864 4014 931 4063 forte
943 4014 1035 4077 jacens
1054 4013 1086 4060 ad
1105 4011 1208 4072 fercula

105 4095 191 4149 tetros,
214 4089 257 4137 lanc
277 4089 351 4137 moris
372 4092 422 4138 nito
441 4102 519 4136 mona.
553 4089 596 4136 Sic
614 4087 639 4136 in
677 4103 769 4138 ratrcoa
790 4087 917 4137 Audierat
937 4087 1023 4146 lituos,
1046 4093 1124 4149 atqua
1146 4086 1206 4147 inde

107 4162 222 4228 Psyches
249 4172 394 4217 commento
427 4163 505 4228 Apul.
541 4162 585 4215 lib.
615 4179 639 4216 r.
679 4165 795 4227 tepentia
807 4165 923 4228 linquens
938 4163 1042 4227 Pocula,
1054 4164 1160 4219 calcatis
1173 4165 1207 4218 ad
