2752 4694
171 319 238 386 cut
595 331 681 380 seut
708 328 837 379 uousra

173 474 321 538 elegantem
327 486 360 522 ex
368 472 484 535 proximo
490 469 581 535 Epiqr.
594 469 703 520 Coesobis
738 469 781 534 qul
790 467 897 530 dixerit,
911 467 951 517 ‘0
961 465 1119 517 fortunatam
1130 471 1216 516 uotam
1225 479 1267 517 me

174 550 241 612 besse,
257 550 291 598 usi
309 548 414 611 Fabulle,
432 550 494 611 upad
509 562 547 596 me
565 547 662 608 Poscis,
680 546 702 594 si
739 542 984 594 Cousmellonram!

173 625 221 676 tibi
231 624 366 684 Disuoest,
375 624 464 674 diebus⁸
481 623 569 673 Poscis
576 623 664 686 diebus,
674 622 701 671 id
771 618 870 668 Narilll
881 615 938 667 falsi
949 623 1017 679 sunt,
1031 631 1090 666 nam
1101 632 1151 682 quo
1165 631 1211 667 eos
1223 632 1269 668 no·

175 708 226 764 est,
236 700 394 766 propediem,
405 706 442 763 et,
451 698 520 764 quod
531 699 618 748 Plaut.
628 706 702 748 autu·
739 694 808 743 mine
828 695 954 758 appellem
973 692 1071 757 nescio,
1083 695 1126 758 qui
1139 694 1223 743 omnia
1233 694 1267 744 ad

174 782 240 837 urat,
259 777 320 826 ‘cir
330 789 426 840 paucos
438 775 505 837 dies,
515 774 536 822 si
547 773 596 824 tibi
610 772 647 822 Di
664 768 702 822 la'·
739 767 779 818 sui
795 767 893 832 ingenii
904 773 1019 831 captum,
1036 782 1211 832 novarumque
1223 783 1270 818 au-

98 869 105 876 ·
175 849 256 912 seut,'
274 849 323 899 lroc
339 856 390 912 est,
405 855 435 897 ut
445 846 703 898 diceredidiciuiusa
743 843 809 892 rium
824 843 952 906 judicium
972 856 1097 892 revocare
1116 849 1194 907 atque
1216 843 1271 892 exi·

176 924 269 989 priscis
285 931 314 973 et
332 923 455 973 Romanis
472 920 531 985 illis,
550 921 634 972 ‘Cum
654 920 704 970 Dis
740 915 803 983 gere
813 926 949 980 conantur,
960 932 1043 983 neque
1056 918 1230 981 cogitantuos
1241 919 1269 968 in

176 998 551 1061 tuventtbaevotenttbusque:
741 994 846 1044 ciuitate
866 994 960 1044 Latina
980 994 1127 1058 inquilinos,
1147 993 1198 1043 boc
1219 1002 1271 1055 est,

208 1076 242 1126 Iu
264 1075 450 1139 epigrammate
470 1073 502 1122 ad
523 1072 645 1137 seipsum,
662 1071 704 1122 oui
741 1068 869 1119 Barbaros
890 1083 963 1132 esse3
982 1070 1024 1118 rel
1042 1069 1064 1118 si
1081 1069 1200 1130 Romani,
1215 1067 1271 1118 Ro-

177 1149 279 1201 lnitium
289 1156 339 1212 cst,
350 1149 429 1198 Miser
440 1148 704 1211 Catulle,desisos‚tro.
740 1144 810 1194 mani
829 1151 901 1194 certe
917 1156 1009 1194 earam
1027 1143 1161 1203 munitate,
1178 1143 1272 1207 quiin·

176 1226 216 1276 ita
225 1226 251 1275 in
263 1218 381 1275 'omuibus
393 1223 582 1288 exemplaribus
595 1238 705 1285 concep·
741 1217 863 1269 tiusmodi
871 1218 944 1267 uobis
953 1224 1117 1268 monumenta
1129 1216 1270 1282 reliquere.

177 1306 220 1350 tus
237 1300 333 1364 legitur
347 1313 438 1349 versus
454 1301 508 1363 ille,
524 1301 559 1349 st
570 1302 597 1348 ta
610 1298 706 1363 dotsbb,
741 1294 793 1344 Sed
805 1294 865 1359 quid
881 1299 1034 1343 cunctamur
1048 1293 1086 1342 M.
1096 1293 1216 1355 Tullium,
1226 1306 1272 1357 ep·

178 1375 439 1436 castmguiesisssslli.
623 1398 626 1408 ¹
740 1369 1035 1420 timumillumouruium
1051 1373 1188 1430 patronum
1204 1367 1273 1418 scili·

211 1450 290 1499 Statii
304 1449 453 1500 Editionem
469 1448 595 1512 excipito,
613 1449 638 1498 iu
656 1462 706 1513 qua
741 1450 795 1506 cet,
812 1444 902 1508 optimi
929 1442 1040 1492 omnium
1060 1441 1162 1506 Poiitas,
1186 1456 1271 1508 neque

177 1523 325 1588 manifesto,
334 1524 493 1574 “deformis
501 1525 652 1589 impressum
661 1540 706 1575 ex·
743 1520 812 1570 euim
823 1520 927 1570 Catullo
938 1519 996 1582 lpsi,
1007 1532 1081 1568 secus
1093 1519 1127 1567 de
1137 1533 1165 1567 sc
1176 1519 1270 1582 prredi·

177 1605 252 1661 stat;
271 1613 328 1663 quas
339 1600 418 1650 lectio
428 1613 480 1649 nou
491 1600 622 1663 displicet,
632 1607 707 1650 tanto
743 1597 823 1657 cauti,
844 1596 901 1644 base
921 1596 947 1643 iu
966 1599 1041 1658 parte
1058 1593 1122 1643 fides
1140 1593 1271 1655 habenda,

178 1675 325 1738 praesertim
340 1672 450 1740 Achille,
460 1681 488 1725 et
502 1675 589 1724 Plauti
602 1677 707 1736 insuper
743 1669 882 1734 gratissimi
902 1669 1003 1733 inquam
1019 1669 1121 1718 clientis
1135 1668 1173 1717 sui
1186 1675 1271 1732 patre·

180 1748 718 1818 auctoritatesuil'ulta:apudquemidem¹
743 1745 812 1795 cloio
838 1744 905 1794 tueri
925 1758 1003 1807 porro
1024 1749 1103 1808 sique
1122 1742 1271 1794 defendere·

178 1823 302 1886 loquendi
312 1838 393 1888 genus
404 1825 520 1874 invenias
540 1840 590 1874 non
610 1827 706 1876 mmet:
743 1819 840 1869 Scribit
851 1819 931 1883 igitur
942 1818 995 1883 ille,
1011 1819 1125 1868 Frnrtasr
1134 1818 1175 1881 qui
1185 1821 1274 1868 runis

179 1902 212 1946 ut
221 1896 350 1961 Asinaria,
366 1899 508 1950 ‘Libanum
517 1901 544 1950 iu
553 1903 707 1951 tonstrinam
741 1898 823 1960 Mem
841 1895 940 1957 gualdi
958 1895 991 1944 Is
1011 1896 1070 1945 eollo
1089 1895 1135 1944 sibl
1159 1897 1273 1946 collem

180 1979 211 2024 ut
225 1974 351 2037 jusseram
369 1977 467 2038 venire,
481 1977 504 2026 is
515 1979 598 2027 nullus
610 1979 681 2039 scuit
690 1978 708 2028 :'
741 1976 827 2035 ΡΜ·
840 1971 929 2021 Sedet
939 1970 1105 2034 Virgilipw,
1116 1970 1272 2020 ‘Anchisem

170 2055 209 2104 ‚et
220 2049 292 2112 alibi,
311 2050 421 2100 ‘Nullus
436 2050 531 2102 dixeris
541 2052 557 2101 τ’
574 2053 653 2102 miror
670 2061 708 2102 ta·
744 2047 849 2110 ognovit
868 2045 1001 2097 amteumz’
1023 2046 1087 2095 item
1107 2046 1178 2106 alibi,
1195 2047 1273 2096 ‘Sale

180 2123 376 2190 meu,quiduarn
384 2126 616 2177 Lusitanumillrrm
625 2143 709 2179 mese·
744 2137 806 2173 sana
835 2123 961 2173 sonabant
971 2122 989 2174 ε’
1014 2121 1135 2184 denique,
1162 2121 1274 2171 ‘Casus

180 2199 225 2260 rit,
236 2209 368 2263 receptam
379 2200 613 2269 interpunctionem
625 2204 709 2254 solici·
746 2198 891 2248 Cassandro
900 2197 1011 2248 canebat
1019 2195 1036 2245 τ’
1052 2195 1172 2260 1111118111
1187 2196 1272 2247 lotum

179 2273 263 2338 tandi,
278 2275 466 2337 etmuatstud,
482 2291 539 2326 cum
550 2277 709 2342 insequentis
746 2279 820 2320 norat
843 2271 955 2334 Servius,
979 2270 1192 2332 compositionem
1216 2285 1274 2320 eom

180 2361 270 2398 versus
279 2350 414 2413 principio,
423 2352 528 2414 melecta,
536 2355 709 2403 construendi.
746 2354 826 2396 elate
838 2347 916 2398 etiam
933 2360 979 2397 sua
989 2360 1036 2410 pro
1046 2345 1138 2395 uitiosa
1148 2345 1275 2409 habitam,

212 2423 329 2472 'l'ertlunr
353 2424 463 2474 carmen
492 2425 567 2475 nnius
589 2429 710 2479 versiculi
745 2436 803 2486 quse
811 2421 1106 2488 majoribosplaouisset.
1138 2420 1276 2472 Hactenus

180 2494 378 2560 interpositione
387 2499 488 2554 auctius
497 2499 592 2563 legitur
603 2501 708 2552 inlibris
746 2497 849 2561 quidem
857 2497 918 2546 ille:
932 2504 960 2546 et
969 2502 1041 2547 reete
1048 2495 1158 2559 antiqui,
1169 2509 1275 2555 cousen-

182 2577 243 2620 ante
263 2572 447 2637 quinquaginta
465 2588 545 2623 anuos
560 2577 671 2639 excusis,
681 2586 709 2629 et
747 2573 872 2623 tieutibus
887 2571 929 2639 (ut
941 2571 1025 2634 rides)
1039 2571 1147 2621 duorum
1157 2571 1183 2621 iu
1195 2586 1275 2622 uuurn

181 2644 287 2710 quidem
297 2646 346 2695 boc
356 2645 447 2696 modo:
464 2648 551 2696 Purser
560 2656 710 2701 mortuasest
746 2648 845 2711 pariter
870 2648 1015 2712 principum
1042 2643 1183 2695 Poetarum
1208 2645 1277 2696 indi·

181 2720 544 2784 sseoepaslla,Posser,delieloe
554 2728 711 2790 mapaetta,
746 2723 801 2774 ciis.

154 2800 159 2811 “
184 2792 260 2850 Qun
271 2795 468 2858 omittamus,
477 2800 518 2861 dyc.
550 2799 616 2852 Qua
631 2802 710 2851 itera·
779 2796 1108 2863 AtinquietiuPlraleuco
1119 2796 1275 2846 Catulliali-

183 2869 220 2920 tio
242 2871 303 2920 milri
322 2878 351 2921 et
370 2871 475 2936 po'e‘tica
493 2874 573 2938 magis
593 2889 661 2939 esse,
683 2884 711 2926 et
747 2874 814 2938 quis,
840 2874 990 2936 pronomine
1010 2872 1167 2936 interposito
1188 2886 1278 2935 reper-

181 2947 269 2996 nescio
296 2946 365 3012 quod
393 2948 511 3011 genuinas
536 2949 711 3002 Catullietatis
747 2949 814 2999 cussi
835 2949 891 2998 soni
910 2947 1090 2997 insuavitatem
1107 2947 1191 2997 leniri.
1226 2948 1277 2996 Fa·

83 3070 87 3075 ,
182 3019 281 3071 babere
292 3022 403 3073 ridetur.
747 3029 824 3084 teorr
841 3023 886 3072 scd
896 3023 952 3087 quis
967 3023 1004 3071 ita
1015 3021 1099 3070 obesae
1111 3021 1190 3084 naris,
1200 3022 1277 3072 obse·

213 3096 364 3147 Notandum
378 3112 479 3164 quoque
488 3106 592 3151 veteres
603 3115 618 3151 a
629 3103 711 3152 couti·
747 3112 801 3159 cro,
811 3105 841 3147 ut
852 3098 900 3147 boc
917 3098 1001 3160 ipsum
1019 3111 1035 3146 a
1053 3095 1139 3145 Poiita
1155 3097 1277 3146 carminis

182 3171 409 3222 nuataearundem
416 3174 571 3236 syllabarum
580 3176 712 3238 repetitio-
747 3173 905 3223 uecessitate
924 3172 1065 3234 compulso,
1079 3172 1206 3222 ‘Factum
1223 3187 1275 3222 uon

183 3257 227 3306 ne,
247 3258 461 3312 numerorumque
480 3249 548 3298 idem
565 3251 591 3299 irr
610 3251 711 3301 diverso
747 3247 886 3313 videatque
907 3245 1081 3312 sentiatquei'
1106 3247 1155 3295 uisi
1180 3247 1202 3296 si
1219 3248 1276 3312 quis

182 3316 329 3381 significatu
348 3322 493 3371 sonantium
512 3337 637 3374 concursu
658 3339 710 3374 uun
748 3320 837 3371 Plauti
847 3321 921 3371 uobis
932 3321 1078 3385 exemplum
1089 3321 1204 3382 objectet
1215 3336 1276 3372 con·

182 3390 260 3442 modo
271 3407 320 3442 nou
336 3393 496 3445 abstinentes
507 3395 604 3458 luisse3
621 3412 710 3448 rerum
749 3401 801 3459 tra,
819 3397 909 3447 eadem
926 3408 1017 3445 vocum
1031 3395 1170 3445 iteratione
1180 3396 1206 3444 in
1218 3397 1276 3447 Asi·

183 3466 263 3521 etlam
273 3466 329 3518 bec
340 3467 405 3532 ipss,
420 3478 526 3521 ornatus
536 3479 564 3522 et
573 3474 710 3537 elegantias
749 3471 821 3523 naria
842 3470 891 3534 usi,
915 3484 973 3520 cum
988 3469 1088 3533 scribit,
1109 3470 1180 3520 ‘Hic
1198 3487 1277 3536 pone,

182 3541 278 3606 grstia,
295 3556 370 3606 paene
380 3543 495 3594 dixeram
507 3546 640 3596 ambitiose
651 3564 711 3598 con·
746 3551 789 3601 bie
805 3550 881 3599 istam
901 3545 1003 3597 colloca
1012 3559 1160 3595 crumenam
1171 3546 1197 3596 iu
1210 3549 1278 3599 collo

182 3616 309 3682 quiuisse:
337 3625 438 3683 contra,
458 3635 535 3685 quam
558 3637 603 3672 nos
625 3622 711 3675 fucere
748 3623 841 3690 plane!
860 3623 918 3672 Hoc
926 3635 988 3672 rere
999 3620 1096 3685 aliquid
1107 3635 1165 3669 csse
1176 3619 1277 3674 fateor:

184 3704 345 3756 consuamus,
369 3695 412 3758 qui
434 3696 556 3747 contiuuo
577 3699 712 3762 emisam
748 3713 797 3750 nec
817 3706 903 3747 tamen
922 3695 998 3758 tanti,
1016 3700 1046 3743 ut
1070 3695 1120 3743 bae
1142 3709 1170 3744 re
1187 3710 1277 3751 suram

184 3765 320 3816 admissum
347 3766 525 3833 vociferamur,
549 3775 711 3838 quotiescun·
748 3774 808 3826 mibi
816 3770 981 3838 praebendam
989 3775 1173 3819 autumemret
1181 3770 1203 3819 si
1216 3771 1278 3836 quid

183 3856 234 3906 que
251 3845 293 3907 (ut
308 3840 350 3905 lit)
366 3845 537 3908 posteriorum
553 3849 711 3912 syllabarum
748 3849 812 3900 milri
830 3847 900 3896 bisce
915 3851 955 3895 est
971 3845 998 3896 iu
1017 3843 1093 3894 rebus
1113 3843 1218 3908 judicii,
1235 3860 1281 3896 se·

183 3916 268 3967 literae
288 3919 512 3978 antecedentibus,
538 3924 619 3974 veluti
639 3927 712 3977 Ecba
749 3937 818 3986 reor,
846 3928 877 3972 ut
896 3919 1030 3983 scripserit
1047 3918 1134 3981 potius
1156 3919 1278 3972 Comicus

183 3991 313 4056 quaedam,
330 3994 521 4058 respondeant:
539 4004 618 4063 atque
637 4001 714 4065 bujus
749 4006 849 4060 noster,
864 3996 934 4047 ‘Hic
945 4008 1025 4059 poue,
1036 3993 1079 4043 iric
1092 3992 1167 4043 istam
1179 4009 1280 4048 crume-

184 4065 333 4129 vitiiipsum
343 4068 712 4141 Ciceroneminsimulare,pa-
749 4088 808 4124 nam
830 4072 928 4123 colloca
947 4070 975 4118 in
993 4069 1060 4118 collo
1079 4068 1175 4133 plane!
1216 4070 1278 4121 Hoc

184 4139 288 4207 iamque
309 4142 375 4194 adeo
400 4146 712 4216 numerumnunerum,
749 4143 1279 4214 entmquantoatterailta‘collocatione’
