2752 4694
401 296 441 345 ru
465 296 630 348 canuam
654 298 810 349 osanna
837 300 896 350 nv.
1133 288 1199 358 481

97 439 226 492 ambitum
248 437 338 490 saitis:
369 444 399 489 et
420 439 537 492 booron
564 442 631 492 scire
700 443 892 509 ldictsstars]
909 444 1198 511 Nullalongiorsutens

98 529 192 568 omnes
205 513 309 564 sciunt.¹
667 519 795 582 oratioue,
805 517 924 585 quodiam
936 522 1060 573 videncet
1072 523 1199 577 tesidere

130 591 365 655 sumtuum]
393 592 491 644 Gestae
502 592 632 645 admiran-
666 596 851 660 properabant.

99 667 175 719 uun.
197 667 444 731 cicadcmssrem,
460 670 632 721 ‘Sastutimas
701 673 882 723 loenensium
895 673 968 738 nitu]
998 674 1199 741 Indicsts,sab·

95 758 190 793 manns
210 749 239 793 et
254 757 314 808 ego,
331 749 359 792 et
370 744 481 794 Balbus:
497 751 571 795 tuate
581 743 631 796 salt
668 747 876 812 intelligendum.

100 821 632 888 opportunitas,utilludnescioquidnoa
701 828 732 873 11
754 822 883 888 mm]
902 824 1018 878 lllodens
1029 827 1101 889 mibi,
1113 828 1201 879 simul·

100 896 303 960 fortuitum,sed
314 896 633 951 divinamrideretur.’Et
669 915 720 966 que
741 903 904 952 occasionem
927 917 1056 967 querens,
1072 919 1124 968 qua
1138 906 1201 955 mibi

100 973 127 1023 in
148 972 322 1036 Academicis,
344 973 354 1002 ⁴
370 973 526 1025 Hortensius
545 981 633 1026 antem
670 977 785 1039 pectoris
795 977 834 1026 sui
846 977 983 1028 candorem
994 978 1202 1042 etpulcbritudl·

99 1047 270 1097 veliementer
281 1047 429 1099 admirans:
447 1051 516 1116 qnod
527 1051 632 1116 quidem
670 1065 729 1101 nem
740 1054 900 1106 ostenderet.

99 1129 244 1188 perpetuo,
251 1123 360 1173 lucullo
378 1125 512 1191 loquente,
522 1126 633 1192 feceret,
703 1131 735 1176 1⁸
743 1124 772 1175 Si
782 1128 901 1192 ἱᾶιιςιιιιι]
918 1130 947 1179 Si
956 1144 1058 1181 amores
1069 1137 1128 1180 tuos
1139 1130 1201 1180 mibi

101 1205 132 1248 ut
143 1200 221 1249 etiam
231 1214 323 1249 manus
332 1214 402 1263 saepe
414 1201 537 1253 tollerat!
670 1202 758 1251 celare
769 1216 870 1267 perges,
883 1206 998 1268 privabis
1011 1213 1038 1256 te
1050 1206 1202 1269 gaudiorum

671 1283 774 1326 tuorum
785 1279 862 1343 louge
877 1281 991 1331 maximo
1009 1280 1114 1332 fructu:
1132 1296 1203 1331 cres·

249 1326 403 1379 CARMEN
420 1328 491 1379 HV·
670 1359 734 1402 caut
752 1354 821 1404 eninr
840 1355 944 1418 gaudia,
960 1371 1019 1420 qun
1037 1370 1095 1407 cum
1113 1356 1202 1406 amicis

134 1425 348 1490 rostratarum]
359 1426 415 1477 Hos
423 1428 527 1492 quidem
536 1443 635 1495 versus,
670 1429 903 1479 communicantur.
941 1430 1036 1480 Tibull.
1054 1437 1140 1480 temen
1164 1430 1202 1479 in·

102 1502 112 1532 ‘
121 1502 171 1552 nisi
182 1502 301 1566 Sibylla,’
314 1501 398 1552 utilis
411 1503 449 1552 ait
466 1504 535 1568 apud
546 1505 634 1556 Plaot.
670 1504 738 1567 quit,
753 1504 827 1556 ‘Qui
845 1506 923 1569 sapit,
942 1506 968 1555 ta
988 1506 1069 1557 tacito
1089 1504 1204 1570 gaudeat

103 1576 260 1640 Pseudolus,
275 1579 397 1643 ‘legerim
408 1579 580 1643 Interpretari
589 1580 635 1631 eli·
670 1578 801 1629 illesioo?
1303 1625 1309 1633 .

102 1654 636 1717 ampossereoruemiaem.'0mniuocon·
702 1658 737 1703 20
761 1653 863 1705 Verbosis
875 1655 978 1720 met]
1000 1656 1203 1707 Contral'ibull.

101 1726 558 1791 staatrsgmentaessadtvsnoram
572 1732 636 1796 Epi·
672 1729 771 1780 ‘celeri
782 1731 1093 1783 vultsussurtaVenns.’
1209 1732 1217 1749 ⁸

103 1809 283 1867 grammaton,
301 1801 347 1852 sed
370 1803 408 1854 its
428 1805 523 1868 lacera,
537 1812 635 1856 utnon
704 1810 735 1856 21
752 1807 881 1871 Veisiois]
900 1808 928 1857 Si
941 1810 989 1874 vis,
999 1809 1092 1873 inquit,
1102 1823 1150 1873 per
1161 1821 1204 1857 me

103 1891 207 1942 sperem
217 1879 542 1942 noqnemiotellectumiri.
554 1883 636 1932 Vetat
672 1880 744 1945 lieet,
752 1882 817 1931 alios
826 1897 916 1932 omnes
925 1885 1022 1933 celatos
1031 1883 1203 1944 habear,dnrn

103 1960 192 2004 eutem
201 1954 391 2020 Hippocrates,
402 1957 548 2022 desperans
564 1957 635 2008 adiri·
672 1968 738 2004 unns
763 1968 812 2020 ego
839 1955 886 2006 siro
913 1962 1015 2007 tuarum
1042 1960 1204 2020 voluptatum

104 2029 344 2080 aeramendum.
674 2031 802 2080 conscius.

706 2110 738 2155 2³
757 2108 812 2156 Nos
821 2110 898 2157 aaa
907 2109 930 2157 si
937 2109 1024 2174 fingar
1039 2110 1080 2159 ille
1096 2109 1205 2172 Cretum]

257 2156 413 2209 CARMEN
430 2160 486 2210 LV·
674 2179 737 2228 Nou
764 2181 786 2229 si
814 2181 940 2231 Daedalus
964 2183 1042 2233 tiam:
1068 2186 1205 2234 custodem

138 2262 150 2306 l
164 2255 280 2320 Oramus]
297 2256 421 2322 Exponit,
429 2265 591 2324 quantopere
599 2274 637 2323 se,
674 2261 762 2303 autem
773 2254 880 2305 cr'etum
893 2264 979 2318 vocat,
993 2258 1063 2322 quod
1075 2261 1099 2308 ei
1116 2260 1205 2310 Minos

105 2333 247 2400 quaerendo
281 2331 410 2398 (ωηο,
435 2333 637 2400 defatigamini„
673 2327 839 2392 proficiscens
871 2330 993 2383 dvorsus
1021 2333 1207 2398 Athenienses,

104 2414 236 2472 rogatque
254 2421 322 2468 aum,
339 2414 394 2457 tum
411 2415 450 2471 ut,
461 2409 507 2459 ubi
518 2410 553 2459 rit
568 2409 638 2460 futu.
674 2403 1080 2467 regnicustodiamoomuriseritr
1090 2411 1207 2460 itaesius

106 2498 159 2546 rus,
174 2482 284 2546 indicet,
296 2488 352 2531 tum
370 2489 400 2533 nt
414 2497 514 2534 amores
528 2484 637 2549 detegat
674 2480 863 2545 squlbusdam,
879 2482 926 2531 sed
943 2498 995 2533 nou
1011 2484 1089 2535 valde
1108 2486 1208 2536 idoneis

106 2571 178 2609 snos.
193 2557 242 2627 ¹lu
253 2570 348 2621 magna
361 2563 448 2607 autem
460 2565 536 2623 parte
546 2560 637 2609 borum
676 2557 838 2620 unctoribus,
846 2558 969 2607 tradituro
980 2566 1031 2610 est.
1069 2560 1111 2609 llo
1119 2562 1207 2624 potins

106 2646 227 2683 vanuum
238 2632 375 2697 spondaens
386 2635 500 2684 secundo
517 2636 575 2685 ioco
592 2650 638 2700 po·
674 2633 769 2682 Tarium
781 2632 862 2683 dicit?
880 2634 948 2684 hunc
960 2636 1027 2684 euim
1045 2642 1125 2685 tentor
1138 2636 1207 2686 cele·

107 2710 196 2760 tritura
204 2709 273 2774 quod
282 2710 498 2774 oumqnibasdam
507 2712 639 2763 videretur
676 2707 762 2757 nitatis
772 2707 851 2758 foisse
872 2709 954 2773 munt,
965 2716 995 2759 ut
1007 2718 1089 2759 totam
1102 2710 1208 2761 Cretan

107 2785 258 2848 absurdum,
268 2785 412 2836 discessum
428 2793 469 2837 est
487 2802 507 2836 s
519 2795 638 2838 veterum
675 2797 727 2834 uuo
737 2784 780 2834 die
792 2786 903 2848 podibus
920 2785 1019 2847 obiret;
1037 2785 1107 2851 quod
1118 2795 1207 2836 tamen

103 2863 231 2915 librarum
239 2860 301 2926 tide,
310 2862 433 2926 varieque
445 2868 639 2929 mutataquam·
675 2858 798 2924 equidem
824 2842 952 2925 unisonum
980 2861 1063 2910 adbuc
1090 2861 1209 2925 reperire

107 2939 238 3005 piurima:
263 2953 313 3002 ego
334 2943 451 2988 voterem
473 2939 639 3006 scripturam,
675 2935 759 2998 potui,
777 2936 826 2985 nisi
848 2936 918 3000 apud
939 2951 994 2998 eos,
1015 2936 1119 3001 quiite
1140 2937 1210 2986 buno

108 3022 232 3082 questum
244 3014 270 3064 in
279 3029 322 3063 me
333 3013 394 3076 fuit,
404 3017 517 3079 reposui.
676 3010 773 3061 Catulli
784 3013 869 3061 locum
877 3005 1102 3074 interpretentur.
1143 3013 1210 3074 ligo,

140 3092 398 3155 stamnum]
414 3092 639 3158 ourmcmpuu
676 3100 734 3150 ‹1¹¹ae
742 3086 917 3149 aeruroapua
925 3085 1209 3148 scripturaruum„

108 3168 234 3218 ΜιιιΙιιιιι
245 3165 328 3216 faisse
339 3166 445 3217 dicitur.
677 3161 803 3224 comperi,
814 3159 937 3223 alierum
952 3160 1049 3212 deiude
1065 3176 1139 3211 suarm
1155 3163 1211 3213 eat·

141 3246 160 3292 4
174 3242 206 3291 ι.
215 3241 406 3306 &moinum
414 3242 554 3292 maximnm
565 3241 641 3294 inid.
677 3236 860 3302 quejudioiuru
872 3238 1023 3303 relinquam.
1041 3238 1118 3289 lluoc
1129 3240 1210 3304 igitur

109 3317 170 3382 1130,
678 3320 734 3363 toto
754 3327 863 3378 corpore
885 3328 982 3364 arreum
1006 3313 1086 3365 fuisse
1108 3315 1212 3379 accepi·

145 3395 178 3444 l’c
188 3393 226 3456 in]
245 3393 332 3445 litera
344 3407 418 3445 cnon
429 3394 544 3446 eliditur.
677 3404 745 3453 urus,
754 3399 851 3455 praetor
868 3392 1031 3442 tuberculum
1042 3392 1172 3457 quoddam
1182 3392 1211 3442 iu

144 3469 388 3536 Omnibutolcmis]
409 3472 476 3524 Qum
486 3472 514 3520 in
524 3470 582 3522 foro
591 3470 641 3522 dis·
677 3468 732 3517 imo
759 3467 893 3532 calcaneo,
924 3469 998 3518 teoni
1033 3469 1211 3519 membranula

110 3544 205 3608 positae
216 3551 300 3595 eraut.
678 3549 797 3604 tectum
814 3558 866 3608 qua
877 3545 992 3609 dirupta,
1003 3560 1071 3596 mors
1087 3547 1113 3594 ei
1123 3545 1212 3597 fatali·

142 3624 158 3668 ti
176 3620 208 3669 ln
217 3621 314 3685 templo]
334 3620 492 3684 Capitolium
503 3622 575 3674 dicit.
678 3627 722 3671 ter
733 3621 878 3670 constituta
888 3628 965 3671 esset.
997 3623 1075 3672 Hunc
1086 3623 1211 3687 luppiter

143 3695 208 3746 tila
223 3697 312 3759 Magni
329 3699 400 3748 simul
414 3699 584 3762 ambulatione]
609 3697 642 3748 Ia
679 3702 763 3760 rapta
785 3697 908 3760 Europus,
936 3703 964 3747 et
984 3697 1011 3746 iu
1034 3698 1138 3748 Cretam
1165 3694 1212 3746 sbi

110 3774 218 3838 postico
229 3772 398 3838 Pompeiane.
679 3773 778 3837 ductae,
788 3773 856 3823 douo
867 3773 952 3837 dedit,
965 3775 1008 3839 qui
1020 3775 1112 3824 insulas
1123 3778 1210 3821 eustos

144 3848 306 3912 romnus]
336 3849 442 3901 Joeose.
474 3850 594 3911 Sciebam
614 3855 642 3901 ts
678 3848 758 3911 foret,
775 3855 865 3914 terque
883 3857 966 3901 totam
985 3851 1092 3898 insulam
1108 3847 1212 3899 obirata

111 3937 234 3988 mgnum
253 3938 311 3974 esse
330 3933 516 3979 assectatoreur
534 3925 642 3976 femina-
679 3925 734 3988 die,
746 3939 779 3974 an
790 3940 887 3989 mense,
898 3941 930 3975 an
947 3940 1024 3996 anno,
1035 3921 1100 3970 nibil
1114 3921 1212 3972 diserte

112 4013 180 4061 rum,
199 3999 225 4048 in
244 3998 337 4065 quibos
359 4001 447 4065 aliqua
465 4009 535 4051 esset
552 4000 642 4051 formas
680 4001 714 4052 ab
724 4001 864 4066 Apollonio
871 4011 1021 4063 expressum
1033 4003 1083 4057 cst,
1093 4011 1145 4061 quo
1155 3998 1212 4048 loco

113 4072 258 4137 elegantia:
277 4075 367 4139 itaque
377 4090 411 4125 ex
426 4076 553 4140 ejusmodi
564 4077 645 4128 omui·
680 4084 779 4141 narrat,
799 4090 875 4142 quern
892 4077 918 4122 iu
940 4073 1042 4123 modum
1066 4073 1107 4122 iric
1127 4072 1212 4138 Argo·

113 4149 165 4203 bns
172 4149 207 4200 ds
218 4157 247 4199 to
257 4152 440 4214 percontabar,
681 4159 810 4217 neuma
824 4150 948 4203 Colchica
963 4149 1129 4216 expeditione
1141 4152 1212 4201 aeds·

178 4228 267 4296 Πάρι.
274 4235 299 4282 el
311 4229 369 4282 var.
379 4232 447 4283 Clas.
619 4232 697 4284 Calui.
1087 4235 1103 4280 ι
1120 4230 1147 4279 Η
