2752 4694
442 336 860 385 rucruuuuuuuoun.
930 368 932 381 .
1027 315 1031 323 ’
1131 322 1198 410 ⁶95.

98 477 206 540 κρόκομοι
216 475 361 542 κυπάρισσοι,
379 477 453 526 Idem
465 482 551 528 autem
565 479 625 542 Epi·
663 477 792 527 bominum
801 483 828 527 et
839 490 915 540 petros
924 489 1007 526 mores
1016 477 1071 526 siue
1081 476 1197 542 crimine,

99 555 190 603 tlreton
210 566 333 617 cupresso
350 553 442 603 tribuit
462 559 490 603 et
506 554 625 604 Martini.
662 553 723 604 dira
734 552 909 604 Juradebas'!
941 553 993 602 Sed
1004 567 1061 603 nec
1081 554 1138 603 baee
1154 566 1195 603 uss

95 629 141 678 lib.
161 643 211 678 xrs.
239 631 247 656 ⁴
265 630 433 694 Daphnem,
449 629 578 691 platanos,
594 643 624 677 ae
662 645 817 697 quequaque
836 643 914 693 pura3
931 637 960 680 et
974 632 982 657 ‘
994 635 1092 680 mores'
1107 644 1151 680 oos
1166 630 1194 680 iu

96 705 178 753 aerias
200 704 371 769 cyparissos?
393 705 417 753 in
447 719 497 770 quo
518 704 625 753 videtur
663 706 817 770 vitemagis,
835 719 911 769 quarn
929 706 955 754 iu
974 719 1051 754 versu
1067 705 1116 755 boc
1135 697 1195 770 pr'u·

95 795 153 829 eum
165 781 273 831 Graecus
287 781 371 830 Poe'te
382 780 498 830 imitatus
515 779 626 830 Autbol.
661 784 737 835 bem:
755 783 816 847 quid
835 782 904 831 enim
922 789 973 844 est,
987 781 1096 830 *subire
1113 782 1194 832 homst.

95 869 117 904 ι.
133 853 239 918 Adoreus
248 855 287 905 καὶ
297 854 402 920 pipicus
411 853 450 904 καὶ
467 853 624 904 &bieima-
660 873 722 909 num
733 855 1111 921 mores?'‘corrigoaudacter:
1127 848 1194 908 ‘u'ec

94 929 175 993 ρίσαφ.
220 932 252 981 Iu
274 933 389 983 Martini.
417 938 504 987 autem
533 946 623 995 perum
661 935 801 999 dedignata
812 934 899 984 subire
908 933 992 983 Tecta
1003 932 1135 981 bominum
1147 946 1194 995 pu·

95 1007 179 1070 abest,
197 1009 258 1074 quiu
273 1008 380 1058 audeam
397 1008 493 1071 legere,
509 1008 631 1076 Duplum·¹
661 1026 754 1076 rosque
775 1013 843 1061 lares
866 1010 922 1059 sine
943 1005 1075 1057 crimine?
1091 1006 1099 1033 ‘
1114 1020 1193 1069 puros

93 1095 145 1144 uos,
152 1084 301 1146 platanonas,
312 1089 336 1132 et
346 1083 424 1132 οὲήαο
434 1083 582 1146 cyparissos:
594 1090 624 1133 ut
660 1087 742 1136 lares'
757 1086 870 1136 uouduus
888 1084 987 1134 sceiere
999 1084 1052 1132 ullo
1063 1081 1176 1131 imbutos
1186 1101 1200 1145 ς-

94 1155 162 1206 idem
174 1158 263 1218 aiibi‚‘
274 1159 408 1207 Exornant
418 1158 496 1220 picta»,
507 1173 557 1222 qua
569 1159 624 1220 pla·
661 1169 755 1226 postea
765 1162 843 1223 euim,
858 1163 866 1190 ‘
879 1160 963 1224 Impia
972 1158 1119 1208 mortalium
1129 1171 1193 1221 gens

94 1239 192 1282 tanona
202 1233 264 1283 ferae
273 1233 290 1282 :'
308 1240 336 1283 et
345 1234 482 1283 Petronius
496 1233 624 1298 satyrico,
661 1251 712 1286 nou
730 1237 813 1286 verita
832 1235 890 1296 est‚’
906 1242 935 1285 ut
945 1242 1035 1284 noster
1047 1248 1107 1283 mox
1118 1233 1193 1296 dicit,

93 1310 101 1335 ‘
112 1308 323 1359 Procedentibus
333 1308 428 1360 deinde
438 1309 540 1373 lougius
547 1310 624 1373 jocis,
661 1313 669 1341 ‘
681 1313 753 1362 divos
763 1313 892 1362 scelerare
904 1309 1039 1359 Penates)

94 1385 185 1446 rogavi
207 1390 236 1433 ut
257 1385 285 1434 iu
306 1386 447 1450 platanona
468 1385 624 1449 produceret
693 1391 741 1436 405
759 1386 839 1449 Impia
853 1385 985 1435 aouoera‘tu
1001 1385 1114 1435 estdieos
1122 1386 1193 1437 uele-

93 1457 247 1507 domiuum!
406 1488 407 1491 =
660 1476 714 1511 rure
722 1463 830 1526 penates]
840 1462 925 1514 Quum
936 1461 957 1509 is
968 1458 1053 1510 aditus
1062 1461 1192 1512 libertatis

125 1535 623 1586 ³51Cumcinertineueossoleeutauer·
660 1543 751 1600 pateat
768 1536 887 1586 omuibus
904 1537 947 1600 qui
963 1536 990 1585 iu
1008 1537 1057 1586 buc
1073 1537 1192 1588 literaria

93 1610 140 1660 tice
158 1612 366 1674 erims]1ueurros
386 1614 470 1662 crines·
481 1628 528 1677 pro
545 1606 623 1664 valdo
660 1612 777 1662 exercitu
785 1611 916 1675 stipendia
925 1617 1036 1672 merent,
1043 1619 1071 1660 ut
1080 1625 1192 1661 summo·

93 1686 173 1748 esuis,
188 1687 294 1751 accipit,
318 1694 348 1737 ut
372 1688 549 1739 ‘invinatum’
573 1703 627 1753 pro¹
659 1685 1191 1736 rumvirorum'auetoritetemeatenusse·

92 1762 179 1811 valide
195 1763 289 1813 vvincto
315 1770 342 1813 et
364 1765 512 1828 compedito
532 1765 621 1814 Callis·
658 1769 779 1826 quantur,
795 1759 1038 1826 quatenusveritati
1050 1762 1190 1812 coueeuire

92 1843 176 1886 tratus
190 1837 216 1888 J.
228 1839 258 1888 C.
271 1839 298 1888 in
317 1840 347 1888 L.
359 1842 458 1903 penult.
467 1840 511 1905 ff..
519 1841 552 1891 de
563 1842 620 1905 iege
658 1838 789 1900 videatur,
805 1839 896 1902 utique
914 1838 958 1902 qui
975 1851 1033 1886 enus
1044 1837 1126 1887 Fabio
1137 1853 1189 1888 uou

92 1909 183 1962 Fabia.
659 1916 756 1977 omnia,
773 1930 831 1980 quae
843 1914 931 1977 magui
946 1920 1049 1962 autores
1065 1913 1193 1975 dixerint,

104 1991 108 2025 l
123 1993 170 2037 385
197 1990 330 2039 Proeseates
348 2005 447 2053 numque
467 1997 523 2040 unte
543 1995 622 2042 domos
659 2003 717 2038 esse
729 1989 847 2053 perfecta
858 2003 1008 2053 persuasum
1018 1989 1135 2051 babeam,
1151 1991 1190 2038 ul·

91 2062 192 2112 inuisere
203 2070 289 2125 cautas,
296 2065 389 2126 Saepius
396 2069 420 2113 et
430 2079 479 2113 sese
485 2067 579 2114 mortali
586 2081 622 2115 os·
659 2065 694 2113 uti
706 2065 815 2114 verebor
826 2070 959 2127 receptam
970 2063 1037 2112 banc
1048 2064 1193 2113 lectionem

90 2140 186 2187 tendere
202 2145 263 2186 coetu
284 2139 408 2201 Coelieoloe,
423 2142 524 2188 mudum
542 2146 622 2202 spreto
659 2140 737 2201 tueri,
752 2139 867 2203 quamvis
883 2144 966 2186 status
987 2138 1188 2187 controversiam

87 2212 188 2275 uidete,
206 2213 323 2275 solebant]
339 2213 437 2263 Allusit
452 2215 502 2264 buc
519 2215 622 2266 Arnon.
659 2214 683 2264 ei
694 2220 814 2262 moveant
830 2218 933 2282 veteres
952 2211 1089 2275 editiones,
1105 2220 1133 2261 et
1149 2226 1189 2262 se·

89 2286 160 2336 Adv.
172 2287 253 2335 Geut.
270 2286 315 2336 lib.
328 2302 347 2336 1.
362 2288 455 2353 ‘Ipsos
474 2290 553 2339 etiam
572 2305 621 2340 αα·
659 2295 754 2354 quotus
775 2301 819 2336 eas
841 2287 880 2336 vir
910 2285 1046 2349 maximus,
1071 2287 1116 2352 qui
1138 2301 1186 2350 pro

89 2365 161 2427 lites,
171 2363 304 2414 derelictis
316 2367 385 2416 curis
396 2367 559 2431 sollennibus,
567 2369 621 2433 qui·
655 2369 760 2430 penates,
772 2367 883 2428 parmas
897 2361 1042 2424 substituit,
1058 2362 1128 2427 quod
1140 2363 1189 2414 sci·

88 2438 139 2489 bus
158 2441 287 2505 quondam
307 2443 427 2493 solebant
445 2443 557 2495 invisere
577 2460 619 2495 res
656 2443 720 2492 lieet
730 2439 864 2491 commisso
882 2439 931 2488 boc
951 2436 1050 2486 scelere
1061 2437 1087 2487 io
1099 2442 1188 2501 peter·

88 2522 201 2578 uestras,
216 2523 343 2566 terramus
363 2519 395 2568 ab
412 2519 559 2582 regionibns
574 2536 619 2570 ex·
656 2532 701 2567 uos
712 2519 785 2566 Deos
796 2530 824 2564 se
836 2513 994 2578 impleverit,
1012 2518 1039 2562 ‘2
1049 2513 1118 2576 pilli
1136 2513 1186 2577 39⁸¹

89 2592 259 2642 terminatos!
300 2595 337 2643 Et
355 2593 425 2643 forte
443 2595 494 2644 bue
515 2610 617 2661 quoque
655 2592 775 2656 iujuriam
793 2590 885 2640 fecerit
904 2603 1032 2639 nouerca:
1051 2603 1129 2653 quern
1144 2589 1186 2637 iu·

88 2667 245 2730 pertinuerit
262 2668 327 2717 illud
345 2670 447 2719 Gallim.
462 2672 570 2722 citatum
583 2672 617 2722 ab
655 2669 871 2733 terpretationem
893 2664 1014 2730 equidem
1037 2665 1114 2714 unice
1132 2678 1186 2713 aus-

88 2740 391 2806 Etymologicoposrileu
406 2745 490 2808 ἁγαθοὶ
502 2743 618 2797 πολλάκις
654 2746 756 2808 plector
778 2750 857 2807 atque
878 2741 943 2790 adeo
966 2740 1113 2802 exosculor,
1136 2739 1185 2788 sed

88 2816 143 2866 θεοί.
178 2818 221 2866 De
243 2818 282 2867 bis
305 2821 465 2888 temporibus
488 2828 516 2871 et
539 2823 616 2872 ovid.
653 2833 710 2867 eam
731 2817 764 2866 ad
783 2818 897 2879 vulgatae
917 2815 987 2864 vocis
1015 2813 1184 2876 significatio·
1267 2867 1270 2871 ⁴

86 2892 157 2942 Fast·
165 2906 185 2942 1.
198 2894 345 2965 ‘Tuuuggo
355 2895 504 2959 regnabam,
515 2899 621 2960 patiens
653 2908 712 2942 nem
722 2892 812 2954 flecto,
833 2906 892 2955 quas
907 2891 963 2938 baec
985 2889 1047 2951 fruit,
1064 2897 1095 2938 nt
1111 2891 1119 2918 ‘
1133 2889 1185 2938 Pe.

87 2982 145 3018 cnm
158 2976 230 3036 terra
239 2969 354 3020 Deo'rum
367 2973 452 3034 Esset,
462 2979 490 3021 et
500 2962 617 3022 humanis
652 2969 744 3020 nabes’
758 2975 786 3018 et
796 2971 804 2997 ⁴
815 2969 861 3019 Dii
870 2967 967 3017 Patrii'
979 2967 1089 3026 Latinis,
1100 2974 1128 3017 et
1139 2984 1185 3015 αα·

86 3043 191 3092 numiuu
212 3044 294 3094 mixta
314 3045 394 3094 locis!
427 3046 503 3099 Quod
515 3048 614 3098 dictum
652 3049 726 3111 τρῷοι
742 3045 844 3096 Graecis
865 3042 1082 3105 indigitareutur:
1110 3045 1185 3091 testis

87 3117 121 3167 ad
131 3119 301 3170 imitationem
312 3120 399 3183 Arati,
409 3122 453 3172 ubi
466 3123 499 3172 de
513 3122 616 3175 Astraea
653 3122 795 3186 Dionysius
804 3119 866 3169 Hal.
875 3120 913 3168 bis
923 3114 1189 3179 sentententiam

86 3193 211 3258 loquitur,
222 3193 337 3243 oithm’
345 3197 440 3260 ἂνδρΐον,
451 3198 564 3248 Obierou‘
575 3201 614 3264 dp-
651 3196 749 3246 τούτους
766 3196 872 3256 Ῥωμαῖοι
889 3189 1049 3254 μὲνιΠενόααο
1063 3193 1189 3245 καλοῦσιν’,

84 3269 159 3332 xatus
167 3269 269 3335 ἠνήνατο
276 3271 342 3331 φῦλα
347 3275 469 3336 γυναικῶν,
477 3273 548 3323 Ἀλλ’
560 3276 615 3326 ἀνα·
652 3275 699 3324 oli’
708 3269 893 3337 ἐξερμηνεύοντες
901 3268 933 3318 eis
940 3268 984 3326 τὴν
993 3266 1099 3319 ‘mdes
1104 3272 1189 3329 panea

84 3344 125 3406 μὶξ
140 3343 238 3403 ἐκάθητο
254 3343 293 3394 καὶ
304 3343 407 3405 ἀθανάτη
417 3366 461 3412 περ
470 3349 549 3400 ἐοῦσα.
572 3353 614 3402 Ne
652 3365 698 3399 σαν
708 3342 1184 3410 τοῦνομα,ο1μὲναατρόουοᾶαοφαίνοο-

84 3423 141 3486 quis
165 3428 252 3471 auteur
273 3423 411 3473 locutionis
429 3426 484 3489 ejus
504 3427 617 3478 insoleu-
652 3423 908 3489 σιν,οιοὲγενεολίονς.
932 3422 1090 3472 Glossarium
1099 3429 1183 3486 vetus,

83 3498 148 3548 dam
168 3496 322 3559 admiretur,
337 3497 461 3549 ‘numina
477 3501 613 3552 mixtsbu-
652 3503 699 3553 Dii
717 3507 823 3566 periotes,
844 3498 899 3550 θεοὶ
919 3500 1029 3562 πατρῷοι.
1064 3500 1132 3551 Quin
1155 3505 1184 3548 et

83 3573 166 3623 mauis
178 3571 260 3636 locis‚'
272 3572 339 3621 sciat
348 3571 376 3621 id
388 3574 510 3639 loquendi
522 3591 614 3640 genus,
651 3579 659 3606 ‘
673 3577 793 3643 penates'
810 3582 982 3638 cognomento
997 3573 1128 3636 ‘patrios'
1143 3574 1183 3622 iu-

82 3656 113 3699 ut
131 3663 207 3700 omne
223 3648 281 3698 fere
301 3649 400 3699 Latine·
410 3652 547 3716 eloqueudi
566 3652 618 3704 θοι
650 3654 740 3703 venias
751 3650 820 3715 apud
838 3652 912 3714 virg.
925 3649 981 3699 AEu.
992 3658 1019 3698 ν.
1037 3647 1188 3698 ‘adhibete

82 3725 283 3788 mama-(iunco
299 3723 371 3776 fonte
388 3725 557 3790 profluxisse:
575 3731 617 3782 sic·
651 3728 767 3776 Penates
787 3727 822 3775 Et
839 3726 939 3789 patrios
959 3724 1052 3787 epulis,
1068 3729 1096 3772 et
1117 3737 1182 3787 quos

80 3800 148 3850 euim
161 3801 248 3850 Diana
259 3801 329 3862 apud
349 3801 450 3852 callim.
469 3804 545 3869 dicit,
565 3804 617 3855 116³
650 3804 712 3853 colit
724 3803 817 3865 lrospes
826 3800 954 3851 Acestes!
977 3802 1011 3849 Et
1021 3806 1109 3850 reete:
1122 3807 1183 3850 suut

81 3882 153 3924 λεαιν.
166 3875 187 3923 δ’
204 3874 334 3938 &epicopus
343 3877 430 3940 ἀνδρῶν
440 3880 540 3944 Meiros,
552 3899 576 3931 κ.
586 3901 617 3932 es
649 3880 718 3930 euim
731 3885 839 3943 penates
851 3879 924 3927 velut
934 3875 1013 3940 patrii
1031 3891 1062 3926 ac
1082 3875 1181 3926 domes·-

79 3959 107 3998 λ.
127 3951 181 4000 'De‘
203 3951 306 4001 Astraea
327 3952 407 4001 etiam
431 3953 612 4019 Germanicus,
649 3957 694 4006 tici
707 3956 751 4004 Dii
763 3970 778 4004 a
789 3954 906 4019 patribus
924 3952 998 4002 uobis
1014 3953 1108 4015 relicti,
1125 3953 1182 4018 qui-

78 4027 86 4054 ‘
105 4025 195 4074 mediis
215 4034 242 4076 te
261 4027 324 4076 laeta
345 4026 451 4078 ferebas
467 4029 617 4085 Sublimem,
649 4030 697 4080 bus
708 4030 828 4094 iujuriam
838 4026 987 4078 biefaetam
1003 4026 1037 4076 ait
1052 4028 1180 4088 Catullus,

78 4098 190 4164 populis,
206 4113 255 4150 uee
271 4100 413 4166 dedignata
424 4103 509 4154 subire
524 4105 610 4158 Tecta
649 4113 678 4156 ut
696 4107 740 4172 qui
757 4104 861 4170 generis
879 4117 910 4152 ec
926 4100 1030 4150 familias
1050 4102 1180 4165 praestitus
