2752 4694
389 291 642 341 raucruauus
667 291 738 338 ruo
760 291 948 341 caruero.
1139 278 1205 344 663

109 437 283 498 numerosius,
304 435 353 485 illis
375 443 474 486 tantum
499 433 638 499 ignorabile
676 431 789 482 texendo
809 432 978 496 diligentiam,
995 432 1136 498 quaidem,
1151 434 1205 485 ‘de

108 515 243 578 objectum
254 512 285 560 iri
296 511 417 571 arbitror,
429 512 483 576 qui,
497 510 575 574 ‘quid
589 508 639 558 dis·
675 521 703 557 se
722 508 744 557 sl
763 507 880 558 creditur
892 509 961 572 ipsi,'
973 509 999 559 in
1013 508 1144 559 vocabulis
1155 510 1206 560 illis

109 595 169 638 tent
180 602 234 638 era
243 586 354 650 lupinis,¹
366 587 493 650 ignorant.
677 584 778 649 priscis,
789 600 819 635 nc
831 585 986 637 dictionibus
1002 586 1206 652 elegantioribus

291 713 412 764 CAPUT
429 713 468 763 ῙῙ·
664 750 738 786 nsua
748 735 859 800 :quibus
871 735 894 785 si
904 749 951 786 nus
962 734 1090 785 mendacii
1099 749 1208 800 coargu-

112 813 231 866 Luctetii
249 814 384 877 interpres
400 827 477 878 quam
494 814 522 863 in
538 815 641 865 Catullo
677 804 820 873 erevolet'3
840 816 868 860 ot
889 811 933 874 pol
953 810 1025 860 illurn
1043 823 1096 859 nou
1107 813 1208 874 poterit

144 888 251 952 frustra,
272 889 323 937 imo
344 888 416 937 nibili
442 886 531 951 inerit,
552 889 641 941 detec·
676 885 829 938 familiarem
848 899 935 938 meum
963 887 1086 936 Plautum
1107 887 1208 952 inquio,

146 970 212 1015 torn.
677 963 752 1028 cujus
764 977 813 1028 ego
825 962 980 1014 anctoritate
993 959 1112 1021 conlisus,
1121 962 1207 1012 loctmr

146 1041 250 1091 binaria
268 1046 328 1090 suut
345 1040 415 1104 apud
434 1041 562 1105 antiquos,
583 1054 641 1106 qua
677 1040 777 1090 catulli
799 1039 854 1089 sine
877 1052 948 1089 noxa
968 1051 1036 1101 esse,
1061 1036 1209 1102 habereque

111 1131 173 1167 cum
184 1117 338 1166 Meneclrmo
355 1115 477 1166 Plautino
489 1131 536 1180 pro
546 1116 643 1167 insanis
678 1123 752 1164 recte
771 1115 853 1165 licere
872 1129 929 1165 meo
946 1114 1064 1178 periculo
1075 1113 1208 1177 spondeo:

114 1193 214 1255 babitu,
225 1191 313 1242 statim
328 1193 354 1240 in
371 1191 524 1241 medicinam
540 1193 643 1255 rapiun-
678 1196 784 1254 paratus
803 1191 873 1240 ultro
890 1190 970 1239 etiam
986 1202 1045 1239 enm
1060 1189 1208 1259 aduersario

112 1267 642 1333 tur,opere,iuquam,etcomitateeorum,
678 1268 773 1331 pignus
790 1266 867 1328 dare3
887 1265 957 1316 baud
973 1264 1077 1330 quidem
1089 1265 1115 1315 ln
1126 1265 1210 1327 mulsi,

111 1345 209 1410 qui,ut
224 1345 338 1409 ejusdem
356 1359 433 1408 porro
447 1345 545 1394 Comici
557 1342 642 1397 verbis
678 1356 711 1392 ne
734 1343 790 1408 quis
811 1353 892 1404 erret,
913 1341 957 1390 sed
976 1355 1039 1391 vero
1056 1342 1082 1390 in
1103 1341 1210 1391 ellebori

114 1420 142 1470 in
162 1435 191 1471 re
208 1421 338 1471 simillima
361 1423 400 1470 uti
422 1436 538 1485 pergam,
563 1421 641 1470 ‘duur
677 1433 778 1481 urnam,
796 1419 838 1468 vel
859 1417 1014 1483 quadrantal
1031 1417 1132 1481 potius:
1156 1432 1208 1482 quo

113 1495 178 1545 alins
198 1510 334 1559 perperam
358 1497 470 1547 insanire
488 1497 642 1562 pradicant,
678 1494 801 1545 uidelicet
821 1500 850 1545 et
873 1493 1036 1544 Sicambrum
1056 1498 1159 1557 pectus,
1180 1499 1210 1542 et

115 1570 165 1633 ipsi
187 1570 346 1621 insaniunt:'
373 1573 453 1621 veluti
479 1572 643 1636 lepidissimis
678 1577 757 1635 eaput
784 1571 868 1621 tribus
895 1570 1030 1636 Antycirls
1057 1571 1209 1628 insanabile,

113 1644 166 1702 iub
186 1646 283 1696 Catulli
301 1647 334 1696 ad
355 1647 517 1712 [psythillam
531 1649 643 1698 Phaleu·
679 1645 828 1711 detergere,
837 1646 919 1711 piare,
935 1661 966 1696 ac
978 1647 1081 1710 penitus
1098 1661 1209 1711 perpur-

114 1720 163 1771 ciis
174 1722 276 1784 evenit3
296 1722 364 1788 quod
383 1723 477 1772 clarius
492 1729 522 1773 ut
532 1723 643 1787 liqueat,
679 1736 742 1786 aare
764 1723 860 1786 possit:
884 1737 934 1788 quo
957 1727 1095 1786 expatrato
1119 1723 1210 1787 probe,

114 1797 243 1862 integrum
263 1798 644 1864 Poiitoeipsiuslueumpropo·
679 1813 784 1863 eumpse
806 1812 866 1849 mox
888 1799 921 1848 ad
943 1799 1032 1848 Plauti
1048 1799 1134 1852 lomim
1148 1798 1209 1850 buic

677 661 908 711 commemorandis
931 661 1144 726 explicandisque
1166 668 1207 713 est
1313 668 1326 683 '¹

115 1885 193 1921 nam:
215 1874 314 1936 Amabo,
340 1889 391 1924 urm
411 1877 486 1926 dulcis
506 1877 642 1941 lpsytlrillu,
680 1876 827 1926 catulliano
839 1875 1001 1939 purissimum
1012 1873 1095 1925 rieere
1102 1874 1211 1938 jubebo,
1294 1854 1303 1874 ’

115 1946 182 1995 diere
201 1947 300 2009 uetera,
320 1949 367 1996 mei
381 1950 557 2012 repercutere
572 1954 603 2000 ud
618 1957 644 2002 te
680 1950 725 2015 qui
751 1951 779 2002 in
806 1951 917 2000 Poenulo
944 1954 1031 1999 exstat
1054 1949 1211 2012 hujusmodi,

115 2021 208 2070 nenium
226 2023 393 2072 meridiatum:
416 2025 644 2087 Quaestionem,
679 2027 800 2089 ‘Valete,
820 2033 899 2090 atqua
916 2024 1048 2089 adjuvate,
1059 2031 1089 2074 ut
1100 2038 1145 2074 vos
1156 2038 1211 2073 ser·

115 2095 175 2145 illud
195 2097 315 2159 wanno,
330 2099 370 2147 Νι
386 2100 438 2162 quis
451 2100 541 2149 liminis
554 2100 644 2151 uberet
680 2108 726 2151 vet
742 2101 837 2151 Salun'
867 2098 1034 2163 ‘Adjuvate,’
1056 2099 1083 2147 id
1101 2104 1151 2161 est,
1168 2099 1212 2148 ad-

116 2171 233 2222 iditlidm·
680 2176 735 2226 dite
752 2174 868 2239 uper'aru,
884 2173 1029 2225 adnitimini
1046 2173 1154 2237 pariter,
1171 2181 1211 2224 st·

149 2247 345 2312 Quemquidem
357 2249 440 2299 locum
452 2251 645 2301 amicusnuster
680 2252 768 2317 quein
786 2265 843 2301 earn
864 2264 953 2300 curam
973 2248 1216 2313 cogitationemque·

115 2323 645 2392 mendosumfalsodictiaconcinuatsuis,
680 2325 838 2377 incumbite:
860 2341 912 2390 quo
939 2325 1007 2384 loeo,
1029 2324 1051 2372 si
1078 2323 1211 2373 Fidentini

111 2397 216 2453 mendis
238 2399 293 2462 ipse
316 2413 347 2449 ac
373 2400 514 2451 mendaciis
538 2418 644 2468 cooper-
681 2405 772 2469 nustri,
798 2404 916 2466 adierim,
943 2402 1065 2465 legatum
1091 2400 1213 2463 immane,

115 2479 168 2524 tus.
185 2474 237 2523 Sed
245 2475 334 2537 ipsius,
343 2476 444 2538 amabo,
455 2477 541 2541 verba,
551 2479 645 2543 ipsam·
681 2487 806 2548 quantum
817 2481 850 2530 de
861 2475 1162 2539 venustatemeutentie,
1183 2482 1211 2526 et

112 2549 644 2613 qneemendationisrationemaudiarnuse
681 2556 766 2620 qratia
777 2556 945 2607 decessurum
953 2559 995 2604 eat
1006 2552 1111 2602 Plauto.
1144 2551 1210 2603 Quis

115 2620 284 2688 ‘Adjubere,'
304 2625 398 2690 inquit,
419 2629 467 2678 ‘ad
489 2630 644 2694 Ipsithillam
681 2630 933 2699 enim‘J'ubete,'vel
949 2625 1104 2693 ‘adjubere'
1122 2625 1213 2692 possit,

116 2695 184 2748 dixit
206 2699 330 2764 Catullus,
349 2709 379 2750 nt
399 2703 543 2770 Lucretius,
558 2707 646 2758 adcre-
681 2713 750 2758 ntse
764 2714 850 2758 servet
869 2706 955 2756 salus?
976 2705 1025 2754 nisi
1044 2702 1113 2753 iurte
1124 2702 1212 2752 norel-

116 2771 189 2824 dere.
222 2775 275 2827 Sed
296 2778 368 2827 locus
388 2778 466 2830 bodie
483 2789 525 2832 est
543 2784 647 2834 mendo·
681 2784 734 2833 ium
753 2784 831 2833 istum
857 2780 1042 2847 Antiquarium
1068 2779 1147 2839 dicas,
1167 2777 1211 2842 qul

46 2908 51 2918 ,
119 2852 180 2903 11183
683 2859 809 2922 ejusmodi
822 2857 942 2920 phrasim,
953 2855 1140 2918 pariteratqne
1148 2852 1211 2900 allas

148 2927 363 2980 blendosnssana
382 2946 464 2995 nsque
479 2932 563 2982 adbuc
576 2932 648 2997 jndi-
683 2946 725 2982 res
744 2932 822 2995 solet,
844 2932 966 2995 princeps
989 2927 1064 2977 nobis
1085 2924 1212 2976 fabricare

118 3002 159 3052 cio
176 3004 332 3069 illiusquam
346 3004 441 3055 dixisse
453 3008 648 3057 mesentloeat
684 3014 820 3058 estausus.
1159 3011 1162 3015 ’

117 3092 186 3128 nunc
206 3079 323 3142 ejusdem
347 3079 423 3128 solius
448 3079 575 3131 beneficio
596 3081 648 3144 prl-
716 3081 790 3131 idem
811 3080 845 3128 de
869 3079 952 3127 altera
976 3089 1078 3141 quoque
1104 3075 1213 3125 bominis

10 3180 13 3188 ·
117 3166 187 3201 mum
202 3153 649 3220 menduliberatus,restitutaeque,
684 3151 1213 3222 ejusdem-interpolationedictumvelim;

118 3225 139 3274 si
149 3226 197 3274 Dis
207 3227 303 3289 placet,
314 3227 452 3292 aliquando
463 3231 489 3279 in
502 3232 648 3295 pristinum.
684 3246 744 3283 nam
765 3245 817 3296 quo
842 3230 900 3279 loeo
926 3227 1032 3292 scripsit
1051 3227 1212 3278 doctissimus

121 3299 187 3350 Nam
199 3300 297 3366 absque
306 3302 352 3352 illo
363 3312 443 3365 esset,
453 3307 560 3368 orbum
571 3308 649 3374 istnc,
684 3309 778 3371 Polite,
804 3306 853 3357 Sed
872 3305 957 3356 muer
972 3304 1056 3368 cupido
1077 3305 1137 3369 qaod
1154 3303 1214 3354 dicit

118 3382 208 3427 natum
229 3391 279 3426 non
299 3377 369 3428 foret
391 3390 534 3433 monstrum
555 3384 647 3435 verbi:
684 3385 789 3448 amanti,
803 3385 834 3434 iu
856 3388 934 3446 sento,
954 3386 979 3430 et
1006 3380 1091 3446 rupida
1111 3380 1214 3431 aarum

118 3452 186 3516 quod
197 3466 238 3503 me
249 3454 353 3504 hercule
364 3468 413 3519 equ
425 3471 549 3521 nusquam
562 3473 647 3524 neque
683 3465 776 3526 opertu
786 3475 861 3524 uque:
877 3459 899 3508 is
917 3458 965 3520 vir,
983 3457 1049 3506 baud
1062 3459 1139 3522 paulo
1151 3471 1213 3507 sana
1269 3455 1272 3461 '

117 3527 217 3590 fictum,
238 3543 324 3593 neque
345 3530 453 3594 pictum,
469 3546 554 3598 neque
566 3535 648 3600 scrip·
685 3537 795 3597 doctiur,
813 3536 846 3585 ad
858 3535 996 3584 lectionem
1008 3532 1056 3582 hoc
1065 3533 1143 3583 modu
1153 3546 1214 3582 con·

118 3610 174 3653 rum
204 3603 299 3654 vidisse
326 3605 353 3654 in
381 3606 514 3658 Poiimatis
535 3611 648 3674 memini,
685 3611 842 3663 stituandam
852 3608 984 3660 doctiores
994 3608 1109 3658 excitare
1121 3621 1149 3656 sa
1161 3608 1215 3671 glo·

117 3693 176 3743 qun
188 3680 291 3745 quidem
302 3680 335 3730 ab
351 3681 400 3731 boc
416 3683 553 3734 verborum
570 3701 649 3744 nuva-
684 3687 777 3747 riatur,
788 3686 820 3734 lu
830 3685 894 3745 nim,
904 3683 1024 3746 etrupidu
1034 3682 1215 3744 nribsrecper·
1315 3718 1321 3725 κ

117 3761 176 3803 tore
197 3755 371 3805 architectata
397 3771 448 3807 non
469 3760 530 3823 sint,
545 3761 648 3814 ‘Quem
685 3768 720 3814 tet
734 3777 804 3827 aqua.
836 3758 914 3814 Quod
926 3756 1029 3822 quidem
1040 3770 1089 3818 ego
1098 3756 1214 3804 nunuim

27 3874 31 3895 Ι,
118 3843 199 3893 penes
209 3830 343 3879 arbitrium
355 3837 405 3894 est,
415 3839 444 3881 et
461 3834 508 3896 vis,
519 3841 548 3885 at
559 3851 648 3887 norma
685 3839 782 3903 (neque
794 3833 861 3886 enim
873 3839 914 3885 est
929 3830 1008 3895 tanti)
1027 3831 1072 3879 sed
1089 3833 1169 3891 uento,
1186 3835 1215 3879 et

118 3905 256 3970 loquendi!
290 3907 343 3958 Qui
364 3908 432 3956 enim
451 3910 538 3973 aliter,
549 3927 649 3976 quasso,
685 3914 752 3976 aqua
767 3903 1213 3962 unacumauctoresuoinscriban·

119 3979 268 4029 existimare
285 3981 390 4045 possim,
406 3984 530 4046 quamdin
547 4001 648 4038 meeum
686 3978 747 4038 dniu
770 3985 928 4052 pronuncio:
951 3978 1113 4043 monitusque
1135 3977 1215 4040 cupio

118 4055 233 4103 ruminor
260 4064 406 4121 repertoque
434 4065 564 4111 strenuam
591 4065 648 4128 ejus
686 4077 789 4113 mecum
809 4058 907 4110 ‘Musis
935 4053 1029 4110 amicos
1054 4051 1159 4115 ‘imma'
1184 4058 1215 4102 ”t

117 4130 226 4182 luminis
248 4129 276 4180 in
297 4133 457 4185 Lucretiano
478 4135 570 4195 indice
590 4142 650 4191 caii·
687 4133 845 4204 ejuscemodl
866 4125 1070 4189 emendationes,
1090 4132 1215 4192 quantun
