2752 4694
167 337 235 403 822
461 346 925 400 unonnsuszunmrouuu··

169 498 245 576 quit,
257 517 326 559 curn
340 498 453 560 dudum
469 503 594 563 sublate
608 512 703 564 essent
712 501 829 562 ln-Ald.
843 517 882 564 11.
897 511 928 562 et
938 501 1115 562 ›Monetium-
1140 498 1276 561 &entus

169 599 782 660 tameneuniesteumaliisBronlrhusius.
824 599 935 658 Habuit
949 599 1036 658 etiam
1052 607 1161 676 praelcr
1186 599 1276 659 Atei·
1305 647 1308 651 .

168 709 235 750 nam
252 707 275 752 1.
290 691 336 751 vel
350 694 551 772 Gryphianum
565 696 632 756 iude
642 715 820 774 expressam,
833 695 902 756 edd.
918 694 1002 754 Statii
1016 704 1046 754 et
1058 694 1187 755 Plautio.

212 795 291 858 1579
312 789 419 848 Catulli
434 790 574 851 Phaselos
589 813 656 852 enm
668 801 813 852 annotatt.
828 791 984 852 doctorum
999 791 1128 851 uirorum
1141 802 1173 852 et
1186 810 1278 870 paro·

170 883 227 943 diis
241 885 413 963 persistum
428 887 635 950 Octavianum.
676 888 817 957 Eboraci,
839 896 865 947 8.

214 988 292 1041 1580
313 981 498 1058 Pervigilinm
511 985 644 1056 Veneris,
659 985 805 1047 recensuit
816 993 846 1043 et
859 980 1014 1042 illustrauit
1027 983 1045 1042 J
1048 991 1133 1043 ustus
1144 981 1278 1060 Lipsius·
1296 1023 1301 1029 ·

215 1083 291 1136 1582
313 1077 379 1136 Cat.
403 1077 472 1136 Tib.
500 1081 592 1158 Prop.
626 1100 704 1140 nova
730 1078 845 1140 editio.¹
861 1081 925 1140 los.
955 1078 1087 1157 Scaliger
1113 1078 1278 1138 recensuit:

171 1171 458 1250 Acceditejusdem
486 1174 663 1238 ineosdem
700 1176 924 1254 castigationum
962 1174 1045 1234 liber.
1100 1179 1278 1250 Antvsap.

60 1350 63 1355 Ι
171 1267 323 1347 AEgidium
349 1270 505 1345 lindam,
535 1284 564 1336 8.
586 1275 671 1334 Mera
691 1282 737 1333 est
758 1271 868 1332 librarii
888 1271 1028 1350 repetitio
1040 1269 1198 1339 ed.‘1577.
1224 1269 1278 1328 nisi

172 1363 254 1442 quod
270 1363 308 1425 ad
321 1367 432 1427 calcem
447 1369 584 1447 adjectus
596 1381 641 1429 est
655 1368 767 1429 Mureti
783 1365 1019 1427 Commentarius
1034 1364 1063 1423 in
1076 1365 1189 1424 Catull.
1206 1385 1277 1424 eum

172 1459 305 1543 ejusdem
320 1462 445 1523 Scholiis
459 1464 488 1523 in
500 1465 572 1526 Tib.
588 1476 618 1525 et
632 1466 782 1544 Propert.-
892 1501 895 1508 f
1285 1471 1289 1479 '

213 1589 255 1601 -
268 1558 337 1618 Jaai
354 1560 464 1622 Dousae
478 1561 657 1623 Nordovicis
669 1561 861 1624 Prmcidauca
875 1579 940 1640 pro·
952 1560 988 1620 C.
1012 1557 1079 1618 Val.
1092 1557 1227 1628 Catullo,
1242 1566 1279 1616 et·

173 1672 229 1731 pro
242 1653 334 1713 Albio
347 1655 480 1718 Tibullo.
522 1664 613 1722 Auta.
636 1681 672 1720 ex
700 1659 817 1719 officina
831 1658 931 1735 Chph.
945 1654 1081 1716 Plautini.
1102 1663 1148 1715 12.
1170 1652 1280 1730 Ejusd.

174 1749 367 1810 schediasma
378 1755 587 1816 succidaneum
599 1756 724 1834 miperis
739 1754 777 1814 ad
790 1753 943 1813 Tibullum
954 1749 1152 1812 Praecidaneis
1166 1749 1281 1809 adden·
1362 1812 1365 1819 ,

174 1841 627 2006 durddililaldiipithalamium
650 1934 761 1992 Graeca
774 1927 952 2008 metaphrasi
966 1926 1090 2009 poetica
1104 1923 1282 1988 donatuma
1308 1973 1313 2001 ,ζ

176 2018 217 2088 Q·
233 2021 378 2100 Septimio
393 2025 528 2093 Florente
541 2026 722 2097 Christiano,
739 2026 829 2086 Paris.
845 2035 876 2087 4.
884 2023 970 2102 apud
987 2022 1157 2105 Motellum.
1178 2074 1181 2079 ,

169 2145 177 2151 ·
214 2147 257 2160 -
269 2119 458 2198 Pervigilium
470 2122 593 2181 Veneris
606 2123 700 2181 edidit
712 2124 775 2181 Pet.
789 2118 932 2187 Pithoeus,
944 2136 1011 2175 cum
1024 2115 1101 2176 notis
1115 2114 1187 2185 suis,
1199 2115 1283 2191 prin·

176 2209 245 2288 nipe
258 2212 326 2279 loco
339 2215 416 2275 intcr
441 2218 567 2277 Errones
595 2219 753 2292 venereos,
778 2216 830 2295 qui
852 2213 991 2273 Petronio
1009 2212 1164 2282 Arbium.
1177 2211 1303 2283 Lutct.⁸
1331 2269 1335 2274 ,

176 2307 255 2386 typis
271 2310 407 2370 Mamerti
422 2311 579 2372 Patiesonii
592 2332 714 2384 excuso,
730 2309 865 2388 adjuncti
880 2318 959 2368 suut.

215 2436 257 2448 -·
273 2406 338 2465 Cat.
348 2407 421 2467 Tib.
429 2407 518 2486 Prop.
529 2408 604 2468 serio
614 2407 756 2487 castigati.
771 2410 913 2483 Antverp.
926 2425 963 2463 ex
974 2401 1094 2464 officina
1104 2402 1284 2480 christoph.
1304 2465 1306 2469 ,

62 2479 64 2483 ’
176 2498 314 2572 tranunt,
328 2512 375 2565 12.

221 2603 297 2658 1588
320 2599 388 2658 Cat.
401 2599 472 2659 Tib.
496 2603 584 2680 Prop.
608 2598 705 2677 Lugd.
719 2599 786 2660 Bet.
813 2608 859 2661 12.
870 2598 921 2664 sed.
937 2598 1012 2656 Jano
1026 2593 1189 2655 Donsalil.
1211 2614 1283 2653 cum
1311 2649 1315 2655 .

179 2689 335 2768 Pervigilio
350 2694 471 2755 Veneris
485 2707 515 2757 et
528 2699 586 2756 suis
600 2696 629 2756 iu
645 2697 712 2755 Cat.
725 2695 797 2754 Tib.
812 2696 907 2773 Prop.¹
919 2691 1129 2769 conjectaueis.

175 2797 179 2807 “
222 2795 298 2868 1592
318 2800 414 2868 repet.
439 2793 526 2853 Basil.
550 2800 637 2854 1530.
654 2799 683 2851 8.
698 2790 840 2860 Quamvis
862 2809 899 2848 ea
913 2786 1108 2866 Scaligeriaoa
1121 2785 1191 2852 hinc
1205 2784 1284 2844 illinc

179 2896 324 2958 correcta,
340 2898 436 2949 tamen
452 2892 498 2949 vel
509 2890 552 2949 sic
567 2889 648 2949 nullo
662 2888 731 2947 loco
744 2885 889 2959 habenda.
901 2940 903 2944 ,

218 3017 261 3026 —
274 2984 341 3044 Cat.
356 2986 426 3044 Tib.
441 2988 529 3063 Prop.
545 2985 644 3045 denuo
654 2985 798 3066 recogniti
812 3004 847 3043 ac
861 2981 947 3042 variis
967 2978 1145 3041 lectionibus
1158 2987 1189 3039 et
1203 2978 1285 3039 notis

178 3077 316 3139 illustrati
339 3102 357 3140 a
382 3083 459 3142 Jauo
483 3085 584 3143 Dousa
607 3082 681 3144 filio.
723 3078 1092 3156 AccesserePcrvigilium
1114 3076 1241 3144 Veneris
1255 3086 1287 3136 et

180 3176 308 3236 carmina
323 3179 442 3250 Graeca,
468 3200 536 3258 qnae
561 3188 614 3239 aut
634 3199 650 3237 e
672 3177 778 3237 Latino
803 3175 910 3237 Catulli
926 3191 1065 3253 expressa
1083 3179 1177 3262 suot,
1195 3180 1249 3252 aut
1268 3193 1287 3231 a

180 3272 300 3331 Catullo
340 3274 402 3351 ipso
431 3276 533 3334 Latine
570 3277 723 3335 translata.
762 3274 838 3335 Item
865 3275 931 3333 Jos.
953 3269 1091 3348 Scaligeri
1126 3278 1157 3327 et
1193 3268 1287 3329 Henr.

181 3366 323 3444 Stephani
338 3391 354 3427 e
368 3371 490 3429 Tibullo
517 3380 557 3433 et,
572 3371 672 3448 Prop.v
688 3368 883 3447 conjectauea
896 3378 927 3428 et
940 3375 1030 3438 notae.
1054 3362 1152 3442 Lugd.
1169 3365 1239 3422 Bet.
1250 3383 1288 3421 ex

181 3458 261 3518 offic.
277 3461 371 3524 Plaut.
392 3466 437 3526 Fr.
452 3466 677 3544 Raphelengius.
703 3476 751 3527 12.
776 3468 860 3526 Hauc
874 3465 1002 3524 omnium
1018 3459 1287 3522 emendatissimum

53 3607 55 3611 ,
182 3555 341 3619 editionem
351 3563 483 3642 appellat
498 3561 566 3622 Nic.
582 3563 719 3622 Heinsius
733 3564 771 3623 ad
793 3563 898 3642 virgil.
913 3563 979 3619 AEn.
993 3574 1056 3619 v11.
1077 3563 1147 3616 110.
1163 3556 1288 3645 Fundus

183 3662 227 3713 est
277 3699 285 3716 .
384 3703 391 3719 .

222 3657 420 3817 ijddfisz.
431 3759 519 3836 Prop.
531 3759 659 3818 etCorn.
672 3756 755 3817 Galli
767 3762 869 3835 opera,
881 3753 984 3813 Horat.
998 3746 1186 3810 Tuscanellae
1195 3747 1289 3808 Scho·

182 3845 229 3908 liis
242 3859 273 3909 et
286 3850 382 3912 indice
396 3853 539 3914 illustrata
553 3875 606 3934 per
618 3854 690 3914 Seb.
705 3853 963 3931 Henricopetrnm,
975 3846 1065 3907 Basil.
1082 3854 1108 3907 8.

228 3952 304 4017 1593
327 3947 393 4008 Cat.
409 3949 559 4023 phaselos,
575 3949 671 4032 Lugd.
689 3959 736 4012 12.
864 3962 866 3966 ’

228 4051 306 4114 ¹594
327 4045 393 4106 Cat.
408 4048 478 4108 Tib.
493 4049 582 4127 Prop.
596 4046 691 4129 Lugd.
717 4056 762 4109 12.
785 4045 853 4106 Nou
869 4037 1077 4104 videtur'aliud
1099 4046 1192 4118 ‘quum
1208 4033 1290 4117 Gry-¹

185 4137 354 4215 phiauaruni
365 4146 507 4223 repetitio.
884 4148 886 4152 ⁴
