2752 4694
457 332 497 380 su
521 331 686 381 cunutus
710 331 866 382 usunnu
892 335 939 384 nr.
1177 317 1244 382 479

134 472 321 539 laboribusque
344 471 502 535 traduceret,
517 479 621 522 noctem
641 472 671 522 li·
710 474 784 536 plura
802 473 903 524 modice
926 473 952 523 in
971 472 1099 537 quandam
1122 473 1244 536 conjecta

134 550 227 600 beram
239 547 348 598 concedi
359 553 489 610 oportere.
709 547 833 623 formum:
870 549 959 613 itaque
987 549 1067 599 etism
1095 548 1244 610 Disticlton,

171 629 187 674 7
201 625 318 681 Quamne
328 624 356 673 ln
362 623 435 672 trinio
443 622 585 686 mustiones]
596 623 674 673 Stant
709 624 1042 688 Epigrammation,voeant
1050 624 1165 674 Poima:
1177 623 1244 674 Poe·

136 703 165 751 in
177 700 260 750 triviis
272 704 453 762 expectantes,
463 697 525 747 dnm
540 712 569 747 se
580 698 674 762 aliquis
708 700 743 750 sis
768 707 811 750 est
835 707 990 765 perpetuum
1021 707 1201 764 argumentum
1226 713 1243 750 e

137 775 280 825 aduenam
300 779 385 822 vocet.
412 771 553 835 ‘Vocare,'
574 773 674 838 antiqui
710 774 845 837 rhythmis,
856 781 885 824 ut
902 774 965 824 Ilias
981 774 1099 838 Homeri,
1116 781 1144 825 et
1157 773 1244 825 Anus·

136 864 209 914 soepe
228 849 285 899 sine
302 849 354 897 nlla
373 847 523 911 adjectione
541 848 674 911 dicebant,
709 849 747 898 les
758 849 855 899 Ennii:
873 849 983 899 Politice
994 855 1036 898 est
1048 863 1089 898 ars
1101 863 1187 900 esrum
1203 864 1244 900 rs·

137 939 208 987 enm,
216 922 249 974 sd
261 937 363 985 cenum,
370 923 608 988 subintelligerent.
625 924 674 974 Ca·
710 924 785 974 rum’

139 1000 218 1049 tulius
238 1000 295 1063 ipse
314 1013 401 1063 snpra,
422 999 494 1050 ‘Qui
514 1005 576 1049 tune
596 1005 674 1050 voeat
742 1007 774 1051 19
792 1003 911 1067 Despuns]
927 1004 1094 1053 contemnas.

137 1089 192 1134 me,
202 1088 261 1124 ern
273 1073 368 1123 malurn
379 1073 446 1136 legit
456 1072 568 1124 tibrum!
592 1073 674 1123 Pare·
745 1077 834 1142 oretis]
851 1077 895 1127 Ita
905 1077 1114 1142 saepesocsbant
1123 1089 1179 1137 eos,
1188 1076 1244 1142 qni·

138 1150 205 1199 situs
213 1147 316 1212 qnidam
326 1147 395 1211 apud
403 1148 489 1198 Plant.
497 1149 674 1212 Sticho,‘Ne·
712 1153 759 1202 bus
782 1153 1002 1204 blandiebantur:
1031 1153 1151 1216 exempla
1173 1153 1243 1218 apud

139 1237 204 1289 gare
222 1224 286 1273 nulli
306 1224 388 1284 soleo,
399 1223 420 1272 sl
438 1224 496 1288 quis
513 1238 554 1274 me
574 1226 675 1276 voest?
711 1229 799 1279 Plsnt.
811 1229 1058 1278 satiserebrasnnt.

139 1313 193 1362 quo
207 1299 266 1348 loeo
283 1298 350 1347 male
369 1298 471 1362 quidam
491 1299 551 1348 libri
570 1300 675 1363 babent,
743 1307 776 1352 20
796 1303 913 1367 Nessonis]
930 1305 996 1355 Hae
1007 1304 1076 1354 enim
1088 1302 1244 1354 dsafastnrn

138 1387 204 1424 eum
230 1378 306 1437 noent,
333 1381 423 1424 contra
452 1381 568 1424 veterum
596 1376 674 1425 libro·
711 1386 740 1430 et
750 1380 923 1444 arrogantium
935 1381 1027 1444 punire
1038 1378 1202 1431 credebatnr.
1245 1406 1248 1411 ,

139 1465 198 1499 rnm
209 1448 298 1511 iidem,
309 1457 337 1500 et
348 1451 474 1501 rationem
486 1451 572 1502 metri.
588 1454 674 1503 Voca-

139 1532 211 1575 tores
219 1540 320 1590 quoque
331 1528 499 1578 nominabant
506 1543 603 1592 servos,
612 1544 675 1594 quo·
868 1508 1022 1560 CARMEN
1041 1509 1087 1560 Π·

139 1615 198 1650 rum
209 1616 290 1665 opera
307 1603 335 1652 in
353 1604 473 1653 vocandis
490 1605 606 1654 convivis
616 1612 674 1656 nte·
744 1609 757 1652 l
776 1604 821 1654 iile
831 1605 864 1654 mi
872 1619 918 1668 pur
929 1605 989 1668 esse]
1004 1607 1116 1658 Beatum
1128 1619 1186 1655 esse
1195 1604 1244 1668 alt,
1262 1604 1266 1609 “

139 1681 240 1727 rentur.
275 1678 351 1729 Quod
376 1681 401 1729 in
420 1680 574 1745 quibusdam
602 1681 673 1732 libris
711 1681 858 1744 quicunque
866 1681 967 1731 Lesbia
976 1687 1084 1744 aspectu
1096 1686 1123 1730 et
1131 1680 1247 1746 alloquin

138 1753 273 1802 rorationes
281 1753 387 1818 legitur,
398 1770 536 1820 operarum
544 1757 608 1807 vitio
620 1755 673 1807 iac·
711 1753 762 1804 frui
774 1755 872 1818 possit:
897 1760 958 1818 post
972 1754 1085 1818 castigat
1102 1769 1132 1804 se
1150 1755 1246 1820 ipsum,

140 1833 196 1876 tum
212 1832 263 1889 est,
277 1842 328 1877 non
346 1829 413 1893 qnod
432 1831 568 1896 quisquam
587 1832 675 1882 locum
711 1828 849 1890 affirmans,
869 1824 939 1880 tules'
950 1831 1122 1895 cogitationes
1133 1845 1185 1881 non
1195 1829 1245 1879 nisi

141 1903 178 1952 itu
189 1901 376 1954 immutandum
389 1906 496 1968 putarit.
712 1919 745 1954 ex
756 1907 813 1956 ocio
830 1907 916 1968 nasei;
932 1907 1056 1972 additque
1071 1921 1177 1971 gravem
1187 1919 1245 1954 sen·

713 1980 1235 2046 ⁸¹

175 2136 189 2180 l
207 2130 325 2194 Mellitos]
336 2129 473 2179 Neminem
484 2129 539 2180 fore
551 2130 674 2195 arbitror,
712 2131 840 2183 Secundae
852 2130 970 2195 stropbes
981 2132 1086 2181 ultimus
1098 2145 1189 2180 versus
1200 2130 1245 2203 ‘¹⁹7

142 2207 249 2271 quinon
262 2207 346 2270 potius
357 2205 448 2255 borum
463 2220 583 2254 versuum
594 2207 677 2255 survi·
713 2205 850 2255 uideuatur.
869 2206 890 2254 is
902 2213 988 2255 antem
1001 2205 1043 2269 qui
1054 2205 1131 2265 vulgo
1141 2204 1247 2267 legitur,

141 2289 225 2332 tatem
236 2282 388 2344 admiretur,
399 2296 475 2346 quam
485 2281 637 2345 cujusquam
648 2280 676 2330 iu
715 2281 784 2334 Quod
802 2281 884 2342 bonor
901 2292 989 2341 amens,
1009 2293 1061 2329 non
1081 2278 1177 2327 Catulli
1196 2266 1262 2341 est,'
1328 2292 1330 2299 ·

141 2359 181 2408 eis
190 2357 353 2424 explicandis
364 2356 517 2406 industriam
530 2356 656 2421 requirat.
714 2352 759 2403 sed
772 2353 922 2403 Parthenii:
940 2352 1051 2418 ideoque
1065 2366 1125 2402 eum
1142 2352 1251 2403 sustuli-¹

713 2442 777 2479 mus.
804 2429 863 2478 Hoc
875 2428 944 2477 enim
961 2435 1090 2492 perpetuu
1100 2433 1190 2478 tenere
1202 2427 1247 2478 de·

273 2482 425 2536 CARMEN
445 2483 546 2534 XLIX·
714 2504 851 2568 crevimus,
860 2512 888 2554 ut
896 2518 928 2553 ue
936 2505 998 2569 quid
1007 2505 1118 2554 alienum
1126 2510 1246 2554 ueterum

176 2582 378 2651 lliisertissime]
392 2581 454 2646 Agit
463 2581 559 2645 gratias
567 2581 606 2632 M.
613 2581 677 2631 Tul·
714 2581 818 2645 scriptis
835 2580 948 2630 scientes
964 2579 1166 2630 admisceamus:
1184 2579 1248 2629 sliu·

142 2659 194 2721 lio,
206 2658 276 2724 quod
288 2658 322 2708 ob
333 2656 487 2708 beneficium
498 2656 531 2707 ab
544 2671 575 2706 eo
586 2671 677 2721 necep-
715 2656 759 2720 qni
777 2656 846 2704 enim
866 2655 1021 2719 rejiciendus
1039 2656 1083 2705 ille
1103 2656 1248 2706 versiculus

143 2743 210 2798 tum,
229 2736 345 2785 divinare
367 2749 418 2784 non
439 2749 587 2798 possumus:
609 2748 678 2797 unm,
714 2744 766 2780 uon
776 2737 848 2792 erst3
860 2746 918 2780 enm
930 2729 963 2778 sd
974 2731 1126 2780 sententiam
1137 2728 1247 2781 miudes

143 2813 189 2877 qui
211 2812 244 2863 ad
266 2812 372 2862 fundum
394 2811 528 2862 'libnrtem
548 2811 599 2860 boe
619 2812 677 2862 loco
715 2807 833 2870 quadret.
867 2807 945 2857 Libet
967 2815 1053 2856 utitem
1075 2807 1125 2855 lsoe
1146 2806 1248 2869 potissi·

145 2887 306 2954 confugiunt,
322 2888 386 2937 nihil
404 2886 483 2945 uliud,
506 2899 583 2951 quam
600 2885 678 2936 insci·
715 2897 784 2931 mum
802 2883 861 2933 luno
880 2883 1037 2946 singularem
1057 2881 1165 2944 gratiam
1180 2881 1248 2930 inire

144 2962 206 3012 tiam
217 2960 381 3028 patefaciunt
391 2976 472 3013 sunm.
716 2958 791 3008 abiis
802 2959 930 3017 omnibus,
947 2958 990 3021 qui
1010 2957 1173 3020 antiquitatis
1191 2966 1247 3008 stu·

716 3033 770 3096 dio,
785 3040 813 3082 et
831 3033 1001 3082 delicatorum
1021 3045 1139 3080 versuum
1162 3032 1248 3081 suavi·

314 3089 467 3142 CARMEN
485 3089 516 3140 1⁴·
716 3114 773 3157 tate
793 3108 941 3171 capiuntur.
974 3105 1087 3168 Etenim,
1105 3119 1164 3154 enm
1184 3106 1248 3158 Dio·

180 3191 193 3235 l
212 3185 343 3248 Hesterno]
360 3187 525 3251 Epigramma
535 3187 583 3236 boe
594 3194 634 3236 est
646 3187 679 3236 ad
717 3183 784 3245 nysii
794 3182 905 3245 Longini
913 3180 1028 3230 libellum
1038 3179 1196 3246 nepl'tilonu
1204 3182 1248 3247 qui

146 3263 264 3325 Calvum,
276 3262 310 3312 de
323 3277 373 3326 quo
385 3276 463 3326 supra
474 3261 582 3324 egimus.
716 3258 830 3307 nondum
848 3274 864 3307 a
876 3272 1002 3323 quoquam
1018 3257 1104 3307 editus
1124 3263 1172 3321 est,
1189 3258 1250 3308 bor·

178 3343 193 3388 l
215 3339 248 3388 Ut
264 3342 403 3404 conuenerat
418 3337 478 3400 esse]
499 3337 552 3399 Ubi
570 3344 679 3402 uterque
717 3341 790 3385 tante
812 3335 912 3398 eodem,
928 3333 973 3398 qui
993 3348 1035 3384 me
1055 3334 1088 3383 ud
1108 3336 1164 3384 base
1186 3334 1249 3384 s‘cri·

145 3420 262 3466 nostrum
281 3415 313 3465 ad
332 3429 422 3465 census
433 3414 593 3469 condixerat.
621 3416 681 3465 Esse
718 3409 803 3458 benda
829 3409 941 3473 impulit,
963 3408 1097 3472 singularis
1123 3408 1249 3459 doesnna

146 3492 216 3540 eninr
228 3489 276 3541 hon
288 3491 346 3540 loco
357 3503 470 3554 expono,
480 3490 567 3540 cibum
577 3505 680 3555 capere.
718 3486 872 3551 eximieque
888 3486 990 3535 virtutis
1009 3486 1072 3550 viro,
1089 3487 1172 3536 Panlo
1190 3486 1249 3536 bia·

180 3570 212 3615 lo
229 3566 282 3615 Nec
288 3581 383 3616 sornam
394 3571 486 3628 tegeret
494 3566 572 3628 quiete
586 3563 680 3627 ocellos]
718 3563 801 3623 uutio,
820 3563 911 3613 Latine
922 3562 1089 3626 interpretari
1104 3562 1251 3626 noepissem,

147 3642 206 3692 Hac
216 3641 348 3690 locutione
364 3640 432 3690 iufra
447 3655 549 3707 quoqne
560 3656 621 3691 usus
633 3650 681 3701 est,
719 3645 749 3686 ut
760 3638 852 3686 eodem
872 3645 989 3700 tempore
1008 3638 1120 3700 optimus
1137 3636 1203 3686 liber
1221 3643 1250 3686 et

146 3717 295 3780 ‘Pigeriiu
314 3715 420 3766 labante
438 3716 575 3780 languore,
593 3717 681 3765 oculos
720 3715 839 3776 Graecus,
851 3722 879 3763 et
888 3727 946 3762 mea
956 3727 1035 3776 opera
1046 3714 1154 3763 Latinus
1165 3711 1249 3761 iactus

148 3789 340 3861 sopor'operit!
720 3790 857 3850 ederetur,
874 3803 932 3838 curn
952 3789 1002 3837 alin
1020 3790 1047 3838 in
1065 3803 1095 3837 no
1112 3802 1175 3836 saue
1192 3787 1249 3851 pln-
1269 3842 1271 3847 ¹

181 3872 211 3916 15
224 3864 393 3930 Semimortnn]
405 3866 519 3930 Propter
530 3866 598 3915 illam
611 3879 682 3914 meu·
720 3863 784 3912 rirun
795 3862 957 3926 deprehendi
971 3863 1059 3928 digna,
1070 3868 1179 3926 propter
1189 3854 1249 3923 quus

149 3943 182 3992 tis
201 3942 381 4006 agitationem,
402 3942 598 4006 dormiendique
617 3938 683 3991 diffi·
719 3939 786 3989 liber
802 3940 859 4003 ipse
879 3940 1008 3989 communi
1024 3928 1252 3999 omninmblogan·

150 4018 286 4070 unitatem.
720 4015 785 4066 tium
804 4016 933 4064 homiuum
953 4010 1083 4062 desiderio
1101 4016 1251 4076 expetatur,

182 4094 414 4158 ldPoimaJVarro
423 4088 684 4156 Parmenone,‘Poii·
722 4096 776 4139 tum
788 4091 864 4140 Oden
876 4087 1052 4138 suavissimam
1064 4086 1180 4136 Poetriae
1186 4086 1251 4152 Sap·

150 4183 193 4221 ms
212 4178 253 4221 est
272 4166 333 4232 nitu
357 4167 472 4235 ἔνρυθμος,
489 4169 584 4233 idest,
605 4168 684 4218 verbs
721 4161 991 4231 pisus,quam.iis,qni
1005 4162 1122 4226 proxime
1133 4170 1251 4215 anteces-
