2752 4694
1191 241 1196 285 l

425 334 655 405 iuuencum
680 352 835 404 osunen
861 355 970 404 uxrrr.
1175 339 1239 404 ml

155 502 209 549 tute
221 499 283 561 sint,
299 495 368 561 uliud
379 503 485 560 cenant,
502 497 553 562 ipsi
563 508 626 547 vero
641 509 674 548 se
708 496 766 561 gius
782 495 932 560 Aurelium,
949 498 987 549 M.
998 496 1127 549 Antonios
1146 497 1240 546 Flami·
1269 521 1272 526 ·

79 637 81 641 y
153 574 312 638 negligenter
322 572 497 637 dissoluteque
507 573 644 636 gesserint.
701 573 776 636 w,
791 579 820 622 et
838 571 885 635 qni
902 573 967 622 viri?
984 588 1093 638 quorum
1105 573 1240 641 numqui&

178 653 210 700 2⁰
226 648 395 712 flammei
405 649 472 712 coelo]
484 647 617 697 decoram
628 661 674 710 pn·
710 660 762 712 qne
773 646 878 710 propius
889 660 911 696 a
929 659 1085 698 marmorum
1097 647 1240 698 Poiitsrem

152 725 203 777 ella
212 724 372 788 Hesperum,
388 723 431 788 qui
443 721 556 786 puellam
575 735 673 772 aeom·
710 722 811 784 aberat,
827 735 902 786 quum
920 735 936 771 a
954 722 1135 783 mediocrium,
1145 722 1240 782 huns,

150 800 223 862 plexu
242 799 333 849 matris
347 797 489 859 abstrahat,
504 810 614 862 nuque
631 811 674 847 en·
708 806 768 848 oum
779 797 923 862 hujusmodi
935 797 1053 862 quiedam
1069 797 1184 846 scribere
1196 811 1240 859 ng·

150 874 216 927 denti
224 875 317 941 juveni
328 873 453 924 tradatiu
463 886 576 924 manum.
693 874 902 940 ¹(russicarum,
917 888 1027 938 seseque
1049 879 1119 923 totos
1135 873 1167 922 sd
1184 862 1240 923 irniss

176 953 206 1000 ll
226 951 358 1013 Complexus
367 948 463 1012 matris]
479 947 557 998 nullm
572 960 619 1013 per
634 961 673 998 re·
707 945 836 1002 tationem
853 949 1134 1015 &campere-mir
1147 943 1240 998 eoam}

146 1025 306 1096 petitionem.
525 1046 529 1053 ·
707 1026 807 1088 flarent,
822 1025 919 1090 (neque
939 1027 1008 1075 enim
1017 1022 1239 1085 uiant-uehat,

174 1104 207 1152 lb
223 1100 340 1164 Hespero,
358 1098 399 1162 qui
417 1097 485 1162 colo]
502 1097 673 1164 Respondent
708 1101 778 1165 quod
784 1101 833 1151 sibi
841 1109 1016 1166 proponerent
1024 1101 1056 1151 ad
1066 1098 1240 1165 imitandum)

138 1177 252 1242 invenes
273 1183 375 1239 contra,
395 1175 493 1224 nullum
521 1188 578 1226 esse
600 1175 671 1226 sidus
708 1184 817 1241 propter
828 1178 984 1240 exemplaris
995 1178 1077 1240 ipsius
1092 1174 1239 1238 corruptio·

141 1253 254 1318 Hesperi
272 1252 375 1316 fulgore
390 1252 540 1317 jucundius,
556 1253 673 1316 quiexo·
708 1265 768 1302 nem
790 1266 861 1315 saepe
884 1259 1034 1314 peccarunt.
1073 1252 1167 1314 Neque
1189 1249 1239 1310 boc

140 1329 210 1379 siens
230 1327 366 1379 confirmet
386 1334 467 1391 pacta
486 1341 502 1376 n
521 1327 672 1391 parentibus
708 1328 775 1391 dico,
791 1328 860 1392 qnod
878 1328 1017 1393 quidquam
1034 1326 1067 1376 de
1079 1316 1238 1390 prestantis·

138 1404 214 1455 inita.
245 1405 343 1453 Versus
353 1405 406 1466 ille,
419 1405 488 1460 Quod
495 1404 606 1466 pepigere
615 1404 671 1467 uiri,
706 1404 828 1453 simorum
846 1404 977 1453 homiuum
993 1403 1076 1466 glorie
1091 1400 1237 1451 detractum

139 1492 247 1540 vereor,
261 1479 583 1529 utsitsetisemendatns.
659 1514 663 1522 .
707 1479 801 1529 velim:
827 1478 872 1529 sed
894 1485 924 1529 ut
947 1493 1038 1528 acuam
1066 1477 1237 1528 studiosorum

173 1559 207 1605 Βῆ
224 1556 371 1619 Hesperusu
382 1555 461 1618 uobis]
479 1555 584 1604 Puellns
599 1556 670 1620 loqui
707 1553 902 1604 adolescentum
914 1554 1084 1603 attentionem
1097 1552 1131 1602 nd
1142 1553 1237 1602 intelli·

139 1637 259 1692 constat5
275 1632 321 1681 sed
335 1637 394 1694 post
413 1632 482 1680 hune
502 1645 604 1681 versum
624 1646 670 1680 sex
707 1630 793 1694 gendo
804 1645 845 1694 ea,
862 1646 919 1695 qum
930 1630 964 1679 de
975 1630 1023 1679 bec
1035 1645 1064 1679 re
1081 1629 1187 1679 tradere
1198 1631 1236 1678 in·

139 1706 606 1770 septemplusminusdesiderentur.
635 1707 670 1755 Il·
706 1708 796 1757 stitui:
821 1708 1009 1771 consiliumque
1031 1721 1116 1755 meum
1137 1706 1168 1757 iis
1191 1720 1237 1768 ap·

139 1780 186 1830 lod
205 1787 303 1843 autem,
322 1782 358 1831 As
374 1780 438 1830 lubet
454 1782 570 1846 innuptis,
589 1783 669 1832 mani·
705 1785 822 1848 probem,
841 1785 934 1850 quibus
951 1785 1008 1834 baec
1030 1783 1173 1848 disputatio
1193 1784 1236 1832 uel

140 1855 208 1907 festo
220 1871 236 1907 a
240 1857 381 1920 juvenibus
393 1858 496 1909 dicitnr.
703 1859 781 1923 longa
792 1860 908 1922 nimium,
924 1861 966 1910 vel
986 1860 1065 1910 etiarn
1081 1859 1236 1923 penitus-su·

172 1936 205 1982 st)
225 1934 259 1982 Ut
269 1934 319 1996 fios
335 1933 454 1996 inseptir]
471 1934 669 1997 Elegantissime
704 1948 866 1997 pervenenea
887 1934 1028 1983 videretur.
1073 1931 1169 1984 Dictus
1193 1939 1235 1982 est

139 2009 300 2073 comparatio
318 2024 367 2074 qua
385 2010 547 2059 contendunt
564 2011 668 2073 poellae,
703 2008 783 2071 igitur
803 2009 965 2059 Gelliambus
986 2024 1002 2057 a
1021 2009 1105 2058 Gallis
1123 2009 1235 2072 Cybeles

138 2086 244 2135 inutiles
255 2099 311 2134 esse
321 2085 463 2149 virginibus
475 2087 586 2149 neptim.
654 2132 657 2139 ,
701 2083 892 2145 cacerdotibus,
901 2085 944 2147 qni
956 2084 980 2132 in
992 2084 1067 2147 hujus
1079 2084 1143 2132 Dete
1155 2085 1235 2132 saeris

171 2165 203 2211 to
214 2161 280 2212 nem
291 2161 381 2209 intucta
392 2163 542 2222 mouel‚dem
552 2175 609 2209 coro
619 2161 670 2208 suis
704 2171 735 2205 eo
746 2159 1048 2220 plurimumnterentur:
1061 2173 1112 2220 qna
1121 2158 1155 2207 de
1164 2174 1236 2207 caris·

137 2235 185 2299 ed]
195 2236 283 2298 Prius,
290 2237 354 2298 dum,
366 2236 453 2284 valet?
465 2235 599 2299 quandiu?
611 2250 668 2299 pos·
705 2247 734 2280 sa
751 2239 778 2281 et
791 2232 935 2296 μητρῳακὸς,
953 2240 981 2282 et
990 2234 1150 2293 ἀνακλώμενος
1161 2250 1235 2284 voca·

138 2315 233 2376 terius,
247 2313 255 2339 ⁸
268 2327 347 2376 usqne
358 2311 409 2359 eo.'
443 2311 538 2359 Fabius
549 2310 641 2360 lib-rx.
706 2313 747 2356 tus
760 2313 810 2368 est,
823 2314 852 2356 ut
864 2307 944 2357 tradit
955 2307 1137 2371 Hephaestion.
1158 2309 1234 2359 idern

170 2393 204 2438 tu
229 2389 334 2453 Florem]
358 2384 476 2446 Μελιηδέα
495 2385 571 2436 ποίαν.
604 2386 667 2437 Pin·
705 2388 733 2432 et
752 2381 925 2432 Terentianus
946 2382 1034 2445 docet,
1056 2389 1085 2432 et
1105 2384 1234 2436 Martialir

136 2465 224 2515 dam,
705 2457 851 2508 subindicat
861 2459 899 2508 nis
911 2458 1038 2522 uersibus,
1055 2461 1062 2488 ‘
1076 2461 1133 2509 Nec
1150 2460 1235 2528 dictat

135 2584 137 2590 ,
171 2546 204 2592 49
223 2542 257 2592 Ut
266 2542 347 2606 vidua]
362 2540 499 2592 Contraria
508 2540 667 2605 comparatio
704 2533 766 2582 mihi
785 2534 931 2583 luculentus
951 2532 1023 2583 Attis
1040 2534 1122 2583 Molle
1142 2534 1234 2585 debili-

137 2632 191 2683 qoa
212 2617 373 2668 contendunt
390 2618 510 2681 juvenes,
534 2618 596 2666 nihil
618 2617 667 2666 vir·
704 2614 759 2658 tate
782 2608 966 2658 Galliambon!
1007 2609 1051 2657 Fit
1074 2616 1171 2672 autem,
1199 2625 1233 2675 es

137 2693 192 2757 gin}
204 2707 260 2742 ωε
271 2694 410 2757 optabilius
421 2692 527 2756 nuptiis,
704 2691 847 2748 anapesto,
864 2684 960 2734 lembis
971 2684 1071 2734 dnobus
1083 2693 1110 2734 et
1119 2670 1233 2748 syllss'u
1289 2713 1292 2717 ⁴

175 2769 264 2833 Viduo]
281 2769 376 2819 Horat.
395 2770 403 2798 ‘
421 2770 456 2817 Et
475 2769 554 2818 ritem
577 2768 666 2818 viduas
704 2761 779 2824 quale
799 2762 845 2821 sit,
862 2760 949 2809 ‘Vice
970 2761 1038 2809 veris
1059 2767 1088 2810 et
1109 2761 1234 2811 Fauoni?

136 2843 389 2895 ducitadarbores:
421 2843 667 2907 ῙᾱειῃμΕιςοαιη
699 2834 795 2898 ¹quibus
816 2834 946 2884 addemur
968 2850 1069 2884 rursum
1087 2843 1233 2900 anapestus
1314 2871 1315 2874 ,

137 2920 231 2970 ,dum
249 2921 340 2970 ,ippum
357 2920 499 2984 propagine
516 2918 592 2968 Ana,
613 2933 666 2967 mg.
703 2916 732 2960 et
742 2910 826 2960 lambi
834 2910 893 2974 dno,
905 2911 1026 2974 Exempli
1037 2925 1136 2972 caussa,
1147 2912 1232 2962 ‘vice

135 2996 201 3046 uitat
212 2996 336 3060 populos!
367 2997 478 3045 Viduam
496 2995 666 3045 automatum
703 2987 771 3036 veris
788 2994 817 3037 et
841 2986 937 3035 Favoni
957 2986 1054 3048 glacies
1075 2986 1232 3037 resolvitur!

134 3071 320 3124 Jufiaeomulri
336 3071 490 3121 vocarieam
501 3071 590 3134 etiam,
606 3061 665 3134 quae
702 3064 838 3113 Interdum
861 3062 947 3122 etium,
963 3067 992 3109 ut
1012 3075 1102 3109 versus
1122 3062 1232 3111 celerior

134 3163 266 3213 nunquam
279 3149 375 3212 nupsit,
703 3139 747 3199 nit,
763 3138 790 3185 in
802 3135 970 3199 penultimum
982 3136 1067 3182 locum
1077 3133 1232 3201 Tribreclrys

168 3227 202 3279 59
217 3223 253 3272 Δ,
268 3228 295 3271 ω
314 3238 345 3272 ,3
359 3221 453 3286 mm]
470 3221 530 3271 Hoc
544 3219 577 3270 ab
588 3218 666 3269 utris.
703 3226 751 3275 pro
762 3210 854 3260 Inmbo
867 3208 1000 3272 recipitur.
1035 3209 1085 3259 His
1098 3211 1231 3276 derebus,

135 3311 187 3362 que
198 3299 371 3349 communiter
381 3298 439 3348 cani
451 3298 562 3348 videtur.
702 3288 849 3351 Diomedis,
860 3287 1030 3338 Grammatici
1041 3288 1143 3352 optimi,
1152 3291 1232 3341 verbu

703 3380 807 3429 ponem,
822 3365 868 3414 sed
880 3364 980 3430 aliquot
991 3366 1054 3414 locis
1066 3381 1082 3415 a
1092 3380 1134 3416 me
1145 3359 1232 3417 emen·

266 3425 419 3477 CARMEN
436 3425 536 3501 mn·
702 3443 778 3493 dato:
797 3448 826 3491 nt
836 3441 994 3504 intelligent,
1011 3441 1034 3490 sl
1052 3443 1096 3506 qui
1115 3443 1230 3494 laborem

292 3516 329 3552 ΒΕ
339 3515 512 3554 Gdfflfflffl·
702 3533 799 3584 capere
817 3518 948 3568 voluerint
963 3517 1129 3568 conferendi:
1147 3519 1232 3585 ‘Gel-

165 3591 315 3657 Antequam
325 3592 524 3642 eruditissimum
534 3590 665 3655 po‘e'made
701 3594 851 3646 liambicum
870 3600 982 3643 metrum
1004 3600 1055 3653 est,
1074 3594 1142 3659 quod
1161 3595 1231 3658 apud

134 3666 236 3730 Cybele
258 3673 288 3715 et
307 3664 367 3715 Atti
390 3681 512 3715 enarrare
533 3667 665 3730 incipiam,
702 3671 875 3720 Maecenatem
888 3670 941 3718 tale
952 3675 1001 3728 est,
1018 3667 1099 3733 Ades,
1109 3671 1231 3734 inquit‚o

125 3756 187 3803 ,uon
198 3741 259 3803 erit,
271 3746 300 3789 ut
312 3740 432 3802 arbitror,
440 3741 552 3790 alienum
563 3742 596 3789 de
607 3742 664 3804 ipso
702 3747 818 3810 Cybelle.
850 3746 938 3796 Simile
959 3753 1001 3797 est
1019 3748 1066 3808 illi,
1083 3749 1148 3796 Vice
1163 3747 1231 3796 reris

134 3831 231 3882 genere
243 3830 332 3866 sersus
343 3814 441 3879 aliquid
453 3815 551 3864 dicere.
580 3817 664 3867 Quam
701 3828 730 3872 et
750 3821 857 3871 Favoni.
889 3821 1004 3871 Inferius
1026 3835 1134 3883 comma,
1156 3810 1231 3882 supe·

134 3893 205 3944 enim
215 3892 319 3941 minime
330 3891 609 3955 pervulgatissimum.
626 3905 665 3956 ro·
700 3898 763 3948 riori
775 3898 857 3947 simne
868 3903 948 3961 esser,
966 3898 1014 3946 nisi
1026 3897 1154 3946 amisisset
1170 3893 1230 3944 ulti-
1313 3949 1317 3964 ¹

134 3970 185 4031 tio,
201 3973 364 4017 contentum
375 3967 499 4031 ostendit,
514 3967 594 4032 qnod,
605 3968 664 4031 ejus
700 3987 768 4023 mam
790 3971 925 4037 syllabam,
948 3970 1006 4021 fera
1024 3968 1149 4018 montium
1172 3968 1230 4018 dea

133 4044 305 4110 ignoratione,
314 4044 403 4092 multis
412 4044 476 4094 locis
494 4044 663 4107 depravatum
694 4042 874 4097 'Galliambum
886 4043 955 4095 uliud
967 4056 1000 4091 ex
1018 4042 1075 4106 ipso
1095 4039 1192 4091 fectum
1204 4043 1229 4093 ei
1311 4099 1314 4105 ,

133 4123 184 4172 bec
203 4119 314 4172 Carmen
330 4118 433 4181 suerat3
451 4119 497 4169 sed
508 4120 570 4169 illud
583 4121 663 4170 multo
691 4119 854 4171 'simillimum
875 4125 925 4178 est,
943 4117 992 4165 nisi
1012 4115 1090 4179 quod,
1106 4124 1135 4166 ut
1151 4125 1229 4169 euer-

133 4188 305 4265 megis‚quod
315 4196 669 4262 Michailllerollnssseor‘„
700 4197 784 4250 votius
808 4195 893 4258 tieret,
916 4198 945 4243 et
965 4191 1074 4259 mollius,
1095 4194 1172 4246 tertie
1194 4184 1227 4247 ab
