2752 4694
457 341 670 391 1111111111
696 334 878 390 oaruuut.
1148 324 1213 392 w
1312 376 1315 380 ,

110 492 302 553 rdinnennem
318 494 451 554 Dueetn:
473 492 587 569 (etudio
615 502 646 552 et
670 506 761 570 opera
786 491 881 550 Mich.
911 491 1062 551 Broohard
1075 497 1096 564 1)
1120 495 1210 554 Paria.

110 588 285 659 Consteiier,
301 597 330 648 4.
351 588 402 649 Nil
426 586 505 648 aliud
527 587 587 665 egit
608 588 712 660 editor,
729 607 817 667 quam
840 598 871 647 ut
885 588 958 649 edit.
982 589 1210 666 Scaligeriaaaat

109 684 306 744 recudendam
321 685 463 745 traderet.
628 686 631 690 ’

151 787 227 845 1728
250 780 384 856 Pervigil.
398 781 531 852 Veneris,
545 790 614 860 post
636 779 750 840 Horatii
774 773 916 851 carmina,
946 779 1062 839 Getiiee
1088 800 1211 849 versum,

108 873 220 932 Latinis
242 895 260 934 e
283 877 402 953 regione
423 878 540 955 potitis,
567 876 660 936 edidit
687 875 786 936 Natal.
814 876 919 954 Steph.
944 876 1094 944 Sanadou,
1123 876 1152 933 S.
1181 877 1210 936 J.
1289 938 1296 958 .

108 970 200 1030 Paris.
227 981 255 1032 8.
270 974 321 1050 qui
348 975 442 1034 matta
467 975 497 1034 in
524 973 653 1034 carmine
679 972 821 1033 audacter
848 972 984 1042 mutavit,
1011 990 1112 1029 veretra
1137 970 1210 1028 alios
1264 1002 1267 1007 =
1353 1020 1360 1027 .

107 1068 293 1144 transposuit,
318 1070 392 1129 atior
412 1071 533 1130 rescidit
559 1071 656 1148 piane,
678 1070 762 1148 quaei
790 1071 828 1129 ab
850 1069 947 1128 atiena
972 1087 1059 1127 marin
1082 1077 1210 1136 assertor,

108 1159 237 1236 ningulus
251 1171 348 1221 autem
363 1163 463 1224 divisit
475 1165 505 1223 iu
516 1164 601 1225 duos.

149 1265 227 1325 1733
250 1259 317 1318 011.
341 1259 544 1339 interpretatio
568 1261 635 1320 odae
655 1261 816 1339 Sapphica
831 1260 869 1319 ad
898 1257 1046 1330 Lesbiam,
1062 1260 1090 1316 in
1111 1255 1210 1316 wotfii

106 1350 180 1411 edit.
197 1355 340 1432 Sapphus
350 1355 590 1435 fragmentorum.
615 1357 724 1416 Hamb.

442 1645 556 1703 AETAS
578 1647 630 1705 VI.
652 1648 873 1709 VULPIANA.

149 1857 226 1919 1737
247 1851 314 1910 Cat.
339 1862 408 1910 enm
430 1852 553 1931 copioso
567 1853 668 1932 Vulpii
683 1854 905 1924 commentario,
919 1854 986 1914 Pat.
1002 1863 1031 1914 t.
1046 1852 1134 1913 Notae
1149 1872 1207 1913 noo

103 1953 163 2003 tarn
178 1945 206 2004 in
232 1945 420 2006 emendando
432 1956 464 2006 et
492 1949 714 2026 interpretando
728 1958 894 2021 versantur,
910 1967 1080 2028 quanquam
1095 1948 1123 2006 in
1148 1947 1206 2008 boo

103 2054 233 2119 quoque,
249 2062 340 2120 quarn
355 2043 383 2100 in
398 2042 583 2101 conferendis
597 2044 672 2102 locis
686 2053 817 2103 veterum
831 2051 862 2102 et
884 2043 1077 2103 recentiorum
1103 2049 1206 2120 poe'ta·

92 2155 179 2206 rum,
193 2135 222 2194 in
244 2137 464 2212 quibnseaderu
487 2137 635 2197 sententia
658 2137 746 2197 simili
769 2138 865 2198 aliove
879 2137 970 2197 modo
983 2156 1123 2215 expressa
1148 2146 1205 2212 eet,
1325 2171 1331 2179 ·

101 2231 190 2290 etiam
206 2250 259 2308 per
271 2231 474 2302 imitationem,
490 2239 521 2291 nt
536 2231 662 2292 tectores
677 2232 819 2292 haberent
843 2233 1082 2292 exercitationem
1095 2231 1206 2312 ingenii

103 2334 203 2403 aptam
218 2326 256 2386 ad
272 2327 471 2399 imitationem,
485 2326 616 2405 itemque
628 2337 663 2389 ut
676 2328 763 2409 copia
779 2329 934 2390 verborum
948 2336 979 2389 et
993 2327 1204 2389 sententiarum

103 2423 266 2500 comparari
281 2425 387 2501 possit.
832 2483 834 2486 ,

141 2548 182 2563 -
196 2520 329 2598 Pervigil.
346 2521 474 2593 Veneris,
496 2542 565 2582 oum
597 2522 676 2584 notia
704 2521 855 2584 Sauadoni
881 2527 984 2599 (quern
1007 2521 1107 2581 multia
1131 2517 1204 2579 looit

100 2616 208 2675 aeriter
235 2602 436 2696 reprehendit)
462 2617 558 2678 edidit
584 2617 720 2690 Bouhier,
742 2617 833 2679 ouria
861 2614 1050 2678 Divimtensie
1075 2616 1203 2688 Praeter,

100 2714 199 2772 anst.
213 2722 243 2772 4.

144 2816 220 2876 1738
243 2810 428 2888 Pervigilium
443 2813 574 2882 Veneris,
590 2812 682 2871 Paris.
701 2821 748 2872 12.
763 2812 913 2889 Repetitio
927 2811 1064 2871 editionis
1077 2808 1202 2871 Amatel.

102 2910 191 2970 1737.
206 2905 239 2961 ln
250 2904 553 2987 haceditioneipsum
570 2922 687 2964 carmen
702 2905 818 2964 Gallice
831 2905 980 2965 redditum
994 2914 1050 2965 eat.

139 3028 181 3042 -·
195 2998 231 3055 C.
247 2998 312 3055 Vai.
332 2999 399 3056 011.
414 2997 443 3056 in
455 2996 601 3077 integrum
615 3000 778 3060 restitutus.
806 3000 850 3058 Ex
861 3003 923 3063 Ma.
938 3019 1032 3080 nuper
1046 3003 1149 3061 Romae
1160 3016 1204 3060 re·

105 3099 194 3171 perto
208 3101 287 3151 etex
302 3092 475 3164 Gallicano,
491 3095 655 3165 ¹Patavina,
684 3093 809 3155 Mediot.
832 3097 919 3154 Rom.
948 3095 1069 3167 Zanchi,
1088 3092 1201 3167 Maffei,

60 3248 67 3255 ,
100 3188 250 3267 Scaligeri,
265 3189 397 3260 Achillis,
412 3189 519 3262 vossii,
535 3198 566 3250 et
579 3191 714 3249 aliorum.
735 3190 845 3250 Critiee
858 3192 906 3251 1ο.
919 3191 1024 3252 Fratre.
1046 3189 1201 3252 Corradtui

99 3285 137 3342 de
152 3284 228 3344 Aliio
244 3283 272 3343 iu
284 3284 458 3362 interpretes
472 3295 596 3358 veteres,
611 3286 855 3364 recentioresque,
879 3288 1097 3365 grammaticus,
1112 3286 1200 3345 chro-

98 3379 233 3458 nologos,
248 3381 442 3459 etymologos,
454 3382 686 3460 lexicographos,
702 3392 769 3441 enm
780 3383 838 3442 vita
852 3390 949 3460 pottae
964 3383 1093 3444 nundum
1108 3381 1199 3445 edita.

98 3475 205 3536 Venet.
221 3476 274 3535 fol.
289 3479 336 3536 De
347 3476 501 3536 Corradiui
511 3476 695 3556 impudentia
704 3477 766 3537 v'id.
776 3479 823 3538 Cl.
834 3478 951 3541 Harles.
963 3479 1077 3541 lutrod.
1092 3478 1120 3538 in
1135 3488 1198 3539 not.

97 3571 142 3633 iit.
158 3574 244 3633 Rom.
259 3574 326 3635 vot.
342 3589 365 3631 1.
379 3592 409 3650 p.
425 3570 495 3635 ³26.
506 3590 555 3651 eq.

142 3676 218 3737 1742
241 3672 309 3731 011.
322 3671 393 3732 Tib.
408 3670 543 3749 Propert.
558 3670 594 3729 ad
606 3669 694 3730 tidem
709 3673 887 3750 optimorum
905 3671 1046 3730 librorum
1060 3679 1198 3731 accurate

98 3765 243 3836 recensiti,
259 3767 366 3844 quibus
380 3766 533 3845 adjectum
555 3775 601 3827 est
614 3767 800 3846 Pervigiiinm
822 3766 952 3827 Veneris.
993 3767 1147 3846 Gottingae
1161 3786 1198 3826 ex

100 3857 178 3920 offic.
194 3861 289 3922 Acad.
300 3866 336 3922 Α.
352 3883 407 3923 vau
421 3863 477 3923 den
493 3863 609 3924 Hoect.
623 3873 671 3926 12.

142 3963 217 4023 1743
238 3958 306 4018 011.
326 3958 399 4020 Tib.
421 3959 511 4040 Prop.
525 3959 647 4039 pristino
671 3961 758 4020 nitori
772 3960 896 4020 restituti
925 3969 955 4018 et
968 3957 1006 4017 ad
1021 3958 1136 4036 optima
1150 3977 1200 4018 ex·

98 4053 239 4129 emptaria
250 4055 407 4115 emendati.
442 4059 517 4116 Aee.
531 4055 697 4135 fragmenta
712 4060 799 4117 Corn.
816 4056 904 4116 Gallo
918 4055 1070 4134 inscripta.
1105 4052 1199 4134 Lugd.
