2752 4694
194 326 260 393 492
443 342 482 390 ιιι
506 342 541 388 ι.
564 339 713 389 sinuum
737 338 1040 389 oonnuuunnrus

192 481 285 532 ultima
295 481 394 544 syllaba
413 481 440 531 in
459 481 523 532 duas
540 481 632 532 breves
644 483 725 546 gemi-
763 487 854 531 rectus
865 479 936 530 Attis
948 480 1028 530 celeri
1040 483 1098 529 rate
1109 474 1209 529 maria!
1226 475 1296 527 Heec

192 566 256 609 nata
271 566 323 623 est,
339 569 368 610 et
385 558 485 611 sactum
497 560 558 624 tale,
574 562 656 611 Latus
666 561 726 610 bor·
761 557 948 609 Terentianus:
972 556 1027 620 qni,
1043 555 1131 616 miror,
1150 567 1197 604 cur
1217 553 1297 616 primi

193 640 250 685 reat
261 633 376 699 flagello,
393 636 517 686 comitum
528 637 622 686 eborns
634 638 725 687 ululet.
760 632 895 683 commatis
912 631 1092 682 catalecticum
1113 631 1219 680 breuem
1234 642 1297 677 esse

192 710 221 764 Si
238 718 308 760 esset
324 712 373 774 sic,
389 712 512 762 comitum
530 714 625 763 choras
643 713 724 764 luletr
760 708 848 759 dicate
875 709 978 772 longam
1004 706 1073 757 enim
1100 720 1158 755 esre
1179 709 1296 790 constat.

191 794 264 837 esset
282 788 319 837 illi
334 788 425 852 simile,
440 788 497 838 iera
517 789 643 839 montium
664 789 725 840 dea.
760 784 814 835 ned
826 791 854 835 et
865 784 928 834 uliae
939 784 1034 848 pedum
1053 780 1210 831 mutationes
1228 785 1298 828 autr-

192 869 311 912 oeterum
333 864 402 927 qnod
426 864 578 914 eneruatius
605 864 726 928 diximus,
762 874 806 924 qni
797 858 990 923 recipiebant,
1006 858 1069 908 nihil
1086 856 1141 906 fere
1161 860 1299 917 curantes,

192 937 275 988 simile
290 945 331 989 est
342 939 407 989 illud
417 940 591 1002 neotericam,
606 939 675 1005 quod
684 947 726 990 eat
762 931 824 983 dum
834 940 979 997 temporum
991 947 1112 983 numerus
1123 931 1298 989 retineretur:

192 1013 256 1075 tale,
273 1014 376 1064 Rutilos
388 1014 477 1066 recide
488 1017 584 1078 crines,
600 1017 727 1067 habitum·
763 1010 987 1073 0¹⁰¹1¹P¹¹0³¹²⁸⁸⁸2
1002 1007 1093 1058 ΓΜ
1110 1004 1196 1071 We&
1212 1004 1300 1073 Mt&

191 1103 244 1154 que
255 1103 322 1152 cape
334 1089 399 1140 viri?
432 1090 568 1142 Hactenus
577 1091 726 1144 Diomedes.
762 1083 899 1163 φιλόθνρσιι
916 1083 1036 1149 impellar,
1050 1083 1093 1135 Ais
1103 1083 1173 1134 ἔπει
1180 1083 1299 1143 Μῖ-

190 1163 315 1214 citantur
331 1171 390 1213 eta
408 1163 498 1216 Nonio
509 1179 544 1215 ex
554 1167 671 1217 Varrone
681 1167 726 1216 bn·
761 1179 811 1225 rn,
826 1160 867 1211 aul
885 1160 979 1224 >oium
994 1160 1107 1225 κρόταλα·
1123 1162 1215 1211 borum
1224 1158 1299 1215 onim

188 1238 304 1302 jusmodi
316 1254 416 1304 versus,
432 1248 462 1291 ut
471 1242 630 1305 Marcipore,
645 1242 726 1306 ‘Spa-
763 1253 884 1288 versuum
897 1239 1026 1303 posterior
1036 1238 1141 1302 penitus
1152 1235 1245 1287 similia
1256 1240 1302 1283 eut
1357 1299 1366 1305 -

191 1315 249 1364 tnla
260 1315 369 1365 eviravit
381 1331 470 1369 omnes
483 1317 646 1380 Venerivuga
664 1331 726 1380 pne·
761 1314 811 1379 illi,
826 1316 958 1366 ‘Tibicen
973 1316 1019 1366 nbi
1029 1315 1102 1366 canit
1112 1315 1203 1377 Phryx
1215 1325 1300 1364 curro

192 1402 253 1439 rou:
255 1389 324 1440 'nbi
345 1391 457 1440 licenter
473 1391 584 1440 mediam
603 1391 726 1455 syllabam
762 1405 844 1454 graue
861 1389 985 1442 ιιιιιιιοι’
1001 1390 1083 1454 prior,
1104 1403 1153 1453 par
1173 1385 1300 1450 tempori·

193 1463 328 1526 dictionis,
351 1467 360 1495 ‘
380 1466 561 1529 Venerivugn,'
581 1466 726 1530 producere
764 1466 821 1525 bns,
836 1466 942 1531 syllabis
954 1464 1205 1526 admodumdiapar.
1230 1461 1302 1512 Tan·

192 1538 315 1590 videtur:
332 1546 361 1590 et
379 1555 413 1589 ex
431 1541 546 1605 ejusdem
564 1542 726 1592 Eudamoni·
763 1546 819 1592 tum
837 1542 915 1592 habui
933 1543 967 1592 de
983 1539 1123 1593 Galliambi
1139 1537 1242 1602 legibus
1260 1526 1301 1585 di·

193 1615 414 1680 bns,‘Pbrygros
425 1632 473 1680 per
484 1632 542 1668 ossa
551 1625 642 1669 cantus
652 1619 727 1684 11an
763 1631 843 1668 ceree
868 1633 945 1680 nnnc,
972 1615 1075 1682 quando
1105 1615 1163 1678 ipse
1191 1625 1300 1678 quoqne

193 1689 227 1750 da
238 1691 310 1740 canit
320 1692 424 1743 anima!
458 1695 519 1744 Non
532 1700 573 1745 eat
589 1696 695 1744 antem
688 1711 726 1760 rg-
764 1694 915 1758 Hymuum
908 1709 935 1745 ru
947 1695 1069 1745 Liberum
1081 1703 1183 1756 putrem
1194 1705 1226 1741 eo
1235 1690 1301 1740 Car-

193 1768 438 1832 norandum,pri1no
453 1770 511 1823 ioco
524 1786 572 1834 pro
584 1772 726 1836 Anapuesto
763 1771 840 1820 minis
850 1785 946 1835 genere
957 1769 1016 1834 lusi,
1027 1769 1155 1820 ascribam
1165 1767 1259 1826 illum,
1277 1763 1300 1812 si

193 1843 257 1904 poni
273 1857 349 1906 posse
360 1845 532 1909 Spondtenm3
549 1853 588 1910 ut,
601 1850 609 1877 ⁴
621 1849 726 1898 Sectam
764 1846 808 1910 qni
825 1845 894 1896 forte
905 1845 973 1900 tanti
992 1853 1081 1895 nostra
1091 1858 1149 1896 esse
1159 1842 1253 1906 ducet,
1269 1846 1301 1889 nt

193 1930 279 1966 meam
301 1927 419 1983 executrp
441 1920 509 1970 duce
526 1937 578 1984 me,
601 1924 663 1972 mibi
684 1938 727 1972 co·
762 1921 877 1986 legenda
888 1921 938 1973 sibi
949 1921 1102 1972 arbitretur.

194 1993 294 2043 mites:'
311 1993 378 2043 idem
391 2002 484 2059 quarto
501 1997 579 2046 etiarn
598 1996 655 2046 ioco
666 2012 726 2047 con·

193 2069 309 2131 ceditur,
325 2071 333 2098 ‘
351 2070 461 2120 Tibicen
482 2071 526 2120 ubi
543 2072 616 2121 canit
635 2073 726 2136 Pbryx
837 2060 1013 2098 mmmm
1029 2060 1059 2097 ¹⁸
1076 2057 1225 2096 'mm‘

192 2158 274 2193 curro
293 2158 372 2208 grave
391 2145 491 2195 calamo
498 2145 515 2195 ι’
532 2147 616 2209 primo
636 2147 727 2209 etium,
763 2145 872 2195 Hedera
887 2160 987 2195 comem
1005 2145 1147 2208 revinctus,
1162 2143 1300 2195 Bromium

193 2220 320 2285 recipitur
329 2222 585 2285 proceleusmaticus,
602 2222 675 2273 ‘Ubi
684 2236 727 2270 ce·
797 2227 899 2284 putrem
911 2235 985 2278 cuno,

193 2296 249 2359 pitu
257 2297 393 2346 Maenades
401 2298 425 2346 vi
431 2297 719 2361 jaciuntbederigerae
711 2295 728 2327 ·'
764 2297 907 2361 Bromium,
916 2297 1042 2362 Enbynm
1052 2297 1167 2360 byaeunu,
1176 2309 1299 2360 puerum,

151 2380 154 2386 ·
193 2369 337 2434 idemque·
330 2386 357 2419 ιιι
375 2378 469 2434 quarto
480 2371 552 2431 lucet
568 2371 647 2420 ‘Dea
658 2387 766 2434 moq-
796 2369 991 2436 semorigenunr,

193 2456 238 2505 na,
255 2444 305 2493 dea
316 2444 435 2507 Cybelle
451 2445 502 2495 dea
512 2445 617 2495 domina
628 2447 728 2509 Drndy
765 2446 825 2512 Ope
845 2449 917 2512 cnjus
936 2449 1002 2497 ninia
1024 2447 1084 2496 vitis
1100 2460 1169 2528 nova
1190 2460 1299 2499 munera

193 2518 245 2567 nri:
247 2518 364 2568 ’eudem
375 2521 476 2569 ratione
485 2520 657 2585 Tribracbys
651 2537 677 2571 ιιι
689 2537 727 2572 se·
796 2526 908 2588 peperit,

195 2594 285 2718 uffo
289 2594 405 2643 iambi
381 2608 465 2642 vicem
473 2595 553 2657 subit,
564 2596 727 2648 ‘Simulhaec
765 2600 841 2652 Nova
851 2615 966 2665 munere,
978 2608 1041 2666 apta
1052 2615 1126 2652 curas
1138 2601 1230 2651 animis
1240 2616 1300 2666 pro·

256 2668 335 2717 itibus
347 2668 418 2718 Attis
429 2670 524 2720 cecinit
536 2685 604 2720 nova
615 2674 726 2724 mulier!
797 2679 840 2727 cul
850 2694 939 2743 agere.

193 2742 287 2807 Atque
298 2744 355 2792 bec
366 2745 529 2796 securissimus
539 2747 727 2801 Grammatico·
762 2754 847 2804 Pater
863 2771 889 2818 o,
911 2760 987 2820 pater
1006 2753 1130 2819 bicornis,
1151 2753 1299 2817 trieteride,

195 2831 263 2880 rum,
277 2819 448 2869 Terentianus
463 2821 580 2887 Maurus,
596 2824 728 2887 ostendit,
796 2831 916 2894 crypbie,

194 2893 252 2958 qai,
270 2896 385 2958 quumvis
402 2897 479 2958 paulo
498 2897 574 2948 uliam
591 2899 659 2948 viam
677 2901 727 2952 init
764 2904 866 2968 Elelen,
875 2905 1043 2970 giganticida,
1051 2905 1098 2956 trba
1106 2906 1224 2970 cymbula
1234 2920 1300 3007 qua·

194 2969 349 3020 dimetiendi
360 2971 434 3036 uujm
441 2973 576 3036 Canninis,
580 2975 677 3024 eodem
689 2981 727 3026 te·
795 2981 883 3043 timna,

193 3060 255 3096 men
265 3047 369 3097 recidit.
402 3047 468 3112 Ejus
484 3050 563 3099 rerba
574 3058 645 3113 sunt,
660 3052 727 3102 ‘So-
763 3055 825 3106 Tibi
839 3057 985 3120 spargimus
996 3057 1129 3122 capillum,
1146 3057 1196 3108 tibi
1205 3058 1300 3109 carmi·

194 3129 241 3171 nat
262 3122 311 3172 boc
329 3122 441 3172 subinde
462 3130 548 3174 metro
570 3127 726 3189 Cybeleium
795 3145 829 3181 na
844 3133 970 3197 canimus,

194 3209 294 3247 nemos.
328 3198 482 3262 Nomenque
503 3201 656 3252 Galliambis
675 3218 728 3253 me·
763 3206 959 3259 Tibirerticem
971 3215 1095 3273 rotantes,
1107 3208 1156 3259 tibi
1168 3224 1217 3274 per
1231 3210 1300 3275 ana

194 3277 314 3320 moratur
330 3271 500 3338 blncdatnm,
515 3275 728 3341 Tremulosquod
798 3283 937 3349 gradimur,

195 3359 253 3394 ease
274 3346 359 3395 Gallie
374 3345 474 3396 habiles
494 3355 590 3412 putant
617 3351 728 3414 modost
764 3359 896 3410 Nemora
890 3375 947 3424 ipsa
958 3366 1029 3411 mota
1047 3361 1141 3412 nostrn
1152 3361 1204 3413 trbr
1214 3363 1300 3413 cantr

196 3419 272 3470 Adeo
283 3420 484 3484 infrequenter
503 3424 574 3474 ilium
595 3440 677 3489 prope
695 3428 729 3478 ab
798 3434 962 3487 bnsulnlant.

195 3495 289 3545 ultimo
307 3495 412 3560 pedem,
429 3497 508 3560 Mage
526 3513 578 3563 quo
597 3514 674 3551 ιοιιιι
693 3503 729 3551 vi·
766 3510 840 3571 Eune,
864 3510 939 3561 dator
964 3514 1068 3578 qnietis,
1096 3514 1193 3579 placidi
1220 3514 1300 3588 dator

196 3571 298 3635 bretun,
322 3572 446 3623 ntndennt
477 3574 541 3624 dure
569 3576 729 3642 tribrachyn
798 3585 886 3647 animi,

195 3645 353 3711 Αιιιψωιιιιι
363 3662 421 3697 esse
435 3649 542 3712 primus,
552 3651 690 3713 spondaeus
701 3665 729 3705 et
764 3660 917 3725 Ubicunque
927 3671 955 3714 tn
963 3651 1078 3728 moraris,
1086 3663 1155 3713 bona
1162 3664 1198 3714 lbi
1208 3665 1301 3716 Venus

195 3725 279 3775 nolet:
296 3727 516 3787 Dnoposternnt
532 3726 620 3788 iambi,
636 3728 729 3777 tribra-
797 3734 908 3799 babitut,

196 3801 294 3863 cbysue
304 3800 438 3850 subicitur
462 3799 619 3866 Llnantque
627 3817 729 3853 comma
765 3806 894 3859 Habitant
915 3813 1005 3861 tenelli
1026 3813 1176 3878 Amores,
1164 3830 1254 3882 Jecur,
1271 3825 1302 3868 et

196 3877 307 3938 primum
329 3874 513 3925 catalecticum
533 3875 646 3927 brevem.
679 3878 729 3928 Pa·
797 3883 873 3945 lepor
886 3886 1001 3938 habitat:

196 3951 310 4003 riambns
320 3949 523 4002 ettroeheeiduo
535 3961 728 4015 commaposte·
765 3957 927 4023 Fidiomque,
935 3967 1235 4031 comnnmqnestrepitn
1244 3983 1300 4020 orn·

195 4027 454 4091 rum,Tr1bracbysre
462 4024 641 4089 continebunt,
649 4042 728 4092 anper
797 4032 986 4087 niuresonantt

198 4105 277 4164 atque
287 4117 408 4167 semipes
433 4102 559 4154 servasse
568 4116 626 4166 quae
638 4103 728 4154 Catnl·
765 4105 873 4158 Alacres
884 4111 972 4174 vigent
983 4113 1092 4167 chorum
1126 4117 1201 4167 Mala
1214 4074 1302 4183 tristi·

198 4174 250 4226 lum
260 4179 371 4242 probet
363 4192 422 4244 lpse
434 4178 484 4229 tibi
492 4176 569 4243 liber,
578 4176 663 4244 super
674 4181 727 4232 alta
798 4182 836 4234 tin
845 4189 944 4251 procul,
