<?xml version="1.0" encoding="UTF-8"?>
<!DOCTYPE html PUBLIC "-//W3C//DTD XHTML 1.0 Transitional//EN"
    "http://www.w3.org/TR/xhtml1/DTD/xhtml1-transitional.dtd">
<html xmlns="http://www.w3.org/1999/xhtml" xml:lang="en" lang="en">
 <head>
  <title>
</title>
<meta http-equiv="Content-Type" content="text/html;charset=utf-8" />
  <meta name='ocr-system' content='tesseract 3.04.00' />
  <meta name='ocr-capabilities' content='ocr_page ocr_carea ocr_par ocr_line ocrx_word'/>
</head>
<body>
  <div class='ocr_page' id='page_1' title='image "./cvaleriicatulli02catugoog_0302.png"; bbox 0 0 2752 4694; ppageno 0'>
   <div class='ocr_carea' id='block_1_1' title="bbox 283 292 1213 362">
    <p class='ocr_par' dir='ltr' id='par_1_1' title="bbox 283 292 1213 362">
     <span class='ocr_line' id='line_1_1' title="bbox 283 292 1213 362; baseline 0.006 -11"><span class='ocrx_word' id='word_1_1' title='bbox 283 305 320 351; x_wconf 82' lang='lat' dir='ltr'><strong>rr.</strong></span> <span class='ocrx_word' id='word_1_2' title='bbox 344 303 500 351; x_wconf 75' lang='lat' dir='ltr'><strong>nvrrru</strong></span> <span class='ocrx_word' id='word_1_3' title='bbox 529 302 826 362; x_wconf 72' lang='lat' dir='ltr'><strong>uueuoiuroues</strong></span> <span class='ocrx_word' id='word_1_4' title='bbox 850 307 889 361; x_wconf 79' lang='lat' dir='ltr'><strong>ru</strong></span> <span class='ocrx_word' id='word_1_5' title='bbox 915 303 1049 357; x_wconf 73' lang='lat' dir='ltr'><strong>curun.</strong></span> <span class='ocrx_word' id='word_1_6' title='bbox 1149 292 1213 357; x_wconf 77' lang='lat'><strong>721</strong></span> 
     </span>
    </p>
   </div>
   <div class='ocr_carea' id='block_1_2' title="bbox 116 443 1221 1566">
    <p class='ocr_par' dir='ltr' id='par_1_2' title="bbox 116 443 1221 1566">
     <span class='ocr_line' id='line_1_2' title="bbox 119 443 1214 511; baseline 0.005 -17"><span class='ocrx_word' id='word_1_7' title='bbox 119 457 179 495; x_wconf 87' lang='lat' dir='ltr'><strong>cere</strong></span> <span class='ocrx_word' id='word_1_8' title='bbox 201 443 263 493; x_wconf 77' lang='lat' dir='ltr'><strong>mtis</strong></span> <span class='ocrx_word' id='word_1_9' title='bbox 285 443 376 507; x_wconf 80' lang='lat' dir='ltr'><strong>habeo,</strong></span> <span class='ocrx_word' id='word_1_10' title='bbox 398 443 522 495; x_wconf 84' lang='lat' dir='ltr'><strong>uidelicet</strong></span> <span class='ocrx_word' id='word_1_11' title='bbox 543 457 576 493; x_wconf 92' lang='lat' dir='ltr'><strong>ne</strong></span> <span class='ocrx_word' id='word_1_12' title='bbox 598 443 646 494; x_wconf 84' lang='lat' dir='ltr'><strong>aim</strong></span> <span class='ocrx_word' id='word_1_13' title='bbox 686 445 999 511; x_wconf 82' lang='lat' dir='ltr'><strong>catullnmreiereudum,</strong></span> <span class='ocrx_word' id='word_1_14' title='bbox 1016 448 1119 498; x_wconf 86' lang='lat' dir='ltr'><strong>minime</strong></span> <span class='ocrx_word' id='word_1_15' title='bbox 1135 447 1214 499; x_wconf 76' lang='lat' dir='ltr'><strong>duilio</strong></span> 
     </span>
     <span class='ocr_line' id='line_1_3' title="bbox 116 519 1216 586; baseline 0.005 -17"><span class='ocrx_word' id='word_1_16' title='bbox 116 520 226 583; x_wconf 77' lang='lat' dir='ltr'><strong>longior.</strong></span> <span class='ocrx_word' id='word_1_17' title='bbox 260 519 328 572; x_wconf 86' lang='lat' dir='ltr'><strong>Nam</strong></span> <span class='ocrx_word' id='word_1_18' title='bbox 348 520 488 571; x_wconf 82' lang='lat' dir='ltr'><strong>Caruiliaoi</strong></span> <span class='ocrx_word' id='word_1_19' title='bbox 507 520 647 571; x_wconf 83' lang='lat' dir='ltr'><strong>Galliambi</strong></span> <span class='ocrx_word' id='word_1_20' title='bbox 686 519 1216 586; x_wconf 79' lang='lat' dir='ltr'><strong>mediusfidiusargumentoerincitur,si</strong></span> 
     </span>
     <span class='ocr_line' id='line_1_4' title="bbox 120 594 1217 660; baseline 0.005 -17"><span class='ocrx_word' id='word_1_21' title='bbox 120 599 308 658; x_wconf 74' lang='lat' dir='ltr'><strong>argumentum,</strong></span> <span class='ocrx_word' id='word_1_22' title='bbox 319 594 386 649; x_wconf 86' lang='lat' dir='ltr'><strong>unde</strong></span> <span class='ocrx_word' id='word_1_23' title='bbox 396 595 460 645; x_wconf 85' lang='lat' dir='ltr'><strong>iilud</strong></span> <span class='ocrx_word' id='word_1_24' title='bbox 475 595 553 659; x_wconf 64' lang='lat' dir='ltr'><strong>poeta</strong></span> <span class='ocrx_word' id='word_1_25' title='bbox 562 610 646 658; x_wconf 83' lang='lat' dir='ltr'><strong>aump-</strong></span> <span class='ocrx_word' id='word_1_26' title='bbox 687 595 788 659; x_wconf 86' lang='lat' dir='ltr'><strong>quidem</strong></span> <span class='ocrx_word' id='word_1_27' title='bbox 803 597 973 649; x_wconf 72' lang='lat' dir='ltr'>Terentianus</span> <span class='ocrx_word' id='word_1_28' title='bbox 991 599 1110 660; x_wconf 83' lang='lat' dir='ltr'><strong>Maurus,</strong></span> <span class='ocrx_word' id='word_1_29' title='bbox 1122 599 1217 650; x_wconf 85' lang='lat' dir='ltr'><strong>Gram-</strong></span> 
     </span>
     <span class='ocr_line' id='line_1_5' title="bbox 120 670 1216 738; baseline 0.004 -19"><span class='ocrx_word' id='word_1_30' title='bbox 120 670 195 731; x_wconf 87' lang='lat' dir='ltr'><strong>serit,</strong></span> <span class='ocrx_word' id='word_1_31' title='bbox 206 683 336 732; x_wconf 77' lang='lat' dir='ltr'><strong>exponere</strong></span> <span class='ocrx_word' id='word_1_32' title='bbox 346 683 452 720; x_wconf 86' lang='lat' dir='ltr'><strong>necesse</strong></span> <span class='ocrx_word' id='word_1_33' title='bbox 463 679 519 731; x_wconf 81' lang='lat' dir='ltr'><strong>est3</strong></span> <span class='ocrx_word' id='word_1_34' title='bbox 530 670 599 734; x_wconf 90' lang='lat' dir='ltr'><strong>quod</strong></span> <span class='ocrx_word' id='word_1_35' title='bbox 610 670 648 719; x_wconf 87' lang='lat' dir='ltr'><strong>ita</strong></span> <span class='ocrx_word' id='word_1_36' title='bbox 687 671 796 722; x_wconf 80' lang='lat' dir='ltr'><strong>malicus</strong></span> <span class='ocrx_word' id='word_1_37' title='bbox 813 686 864 721; x_wconf 91' lang='lat' dir='ltr'><strong>nou</strong></span> <span class='ocrx_word' id='word_1_38' title='bbox 881 673 1026 735; x_wconf 80' lang='lat' dir='ltr'><strong>incelebris,</strong></span> <span class='ocrx_word' id='word_1_39' title='bbox 1045 681 1073 723; x_wconf 87' lang='lat' dir='ltr'><strong>et</strong></span> <span class='ocrx_word' id='word_1_40' title='bbox 1090 674 1123 723; x_wconf 91' lang='lat' dir='ltr'><strong>sd</strong></span> <span class='ocrx_word' id='word_1_41' title='bbox 1142 674 1216 738; x_wconf 68' lang='lat' dir='ltr'><strong>cuius</strong></span> 
     </span>
     <span class='ocr_line' id='line_1_6' title="bbox 119 746 1216 812; baseline 0.003 -16"><span class='ocrx_word' id='word_1_42' title='bbox 119 747 214 796; x_wconf 86' lang='lat' dir='ltr'><strong>habet:</strong></span> <span class='ocrx_word' id='word_1_43' title='bbox 233 748 296 798; x_wconf 87' lang='lat' dir='ltr'><strong>Cum</strong></span> <span class='ocrx_word' id='word_1_44' title='bbox 308 746 446 812; x_wconf 83' lang='lat' dir='ltr'><strong>Atysnavi</strong></span> <span class='ocrx_word' id='word_1_45' title='bbox 463 747 491 796; x_wconf 91' lang='lat' dir='ltr'><strong>in</strong></span> <span class='ocrx_word' id='word_1_46' title='bbox 508 746 648 810; x_wconf 72' lang='lat' dir='ltr'><strong>Phrygiam</strong></span> <span class='ocrx_word' id='word_1_47' title='bbox 687 760 777 796; x_wconf 84' lang='lat' dir='ltr'><strong>manue</strong></span> <span class='ocrx_word' id='word_1_48' title='bbox 805 746 839 797; x_wconf 83' lang='lat' dir='ltr'><strong>ob</strong></span> <span class='ocrx_word' id='word_1_49' title='bbox 867 747 924 810; x_wconf 83' lang='lat' dir='ltr'><strong>ejus</strong></span> <span class='ocrx_word' id='word_1_50' title='bbox 950 752 1105 797; x_wconf 79' lang='lat' dir='ltr'><strong>vetustatem</strong></span> <span class='ocrx_word' id='word_1_51' title='bbox 1132 749 1216 811; x_wconf 73' lang='lat' dir='ltr'><strong>minna</strong></span> 
     </span>
     <span class='ocr_line' id='line_1_7' title="bbox 120 822 1216 892; baseline 0.001 -22"><span class='ocrx_word' id='word_1_52' title='bbox 120 830 210 871; x_wconf 85' lang='lat' dir='ltr'><strong>vectus</strong></span> <span class='ocrx_word' id='word_1_53' title='bbox 232 837 282 872; x_wconf 95' lang='lat' dir='ltr'><strong>non</strong></span> <span class='ocrx_word' id='word_1_54' title='bbox 309 825 365 892; x_wconf 80' lang='lat' dir='ltr'><strong>siue</strong></span> <span class='ocrx_word' id='word_1_55' title='bbox 389 837 483 887; x_wconf 78' lang='lat' dir='ltr'><strong>magno</strong></span> <span class='ocrx_word' id='word_1_56' title='bbox 509 823 647 874; x_wconf 90' lang='lat' dir='ltr'><strong>amicorum</strong></span> <span class='ocrx_word' id='word_1_57' title='bbox 687 824 768 873; x_wconf 88' lang='lat' dir='ltr'><strong>multo</strong></span> <span class='ocrx_word' id='word_1_58' title='bbox 784 824 941 887; x_wconf 87' lang='lat' dir='ltr'><strong>depravatos</strong></span> <span class='ocrx_word' id='word_1_59' title='bbox 952 822 1055 872; x_wconf 87' lang='lat' dir='ltr'><strong>codices</strong></span> <span class='ocrx_word' id='word_1_60' title='bbox 1070 825 1216 885; x_wconf 74' lang='lat' dir='ltr'><strong>perveniam</strong></span> 
     </span>
     <span class='ocr_line' id='line_1_8' title="bbox 119 896 1217 964; baseline 0.005 -18"><span class='ocrx_word' id='word_1_61' title='bbox 119 906 189 946; x_wconf 87' lang='lat' dir='ltr'><strong>coetu</strong></span> <span class='ocrx_word' id='word_1_62' title='bbox 206 896 342 949; x_wconf 84' lang='lat' dir='ltr'><strong>adiiumeu</strong></span> <span class='ocrx_word' id='word_1_63' title='bbox 359 899 462 948; x_wconf 87' lang='lat' dir='ltr'><strong>Galium</strong></span> <span class='ocrx_word' id='word_1_64' title='bbox 478 899 649 962; x_wconf 78' lang='lat' dir='ltr'><strong>pervenisset,</strong></span> <span class='ocrx_word' id='word_1_65' title='bbox 687 900 811 951; x_wconf 79' lang='lat' dir='ltr'><strong>credibile</strong></span> <span class='ocrx_word' id='word_1_66' title='bbox 821 899 861 963; x_wconf 83' lang='lat' dir='ltr'><strong>fit,</strong></span> <span class='ocrx_word' id='word_1_67' title='bbox 877 914 928 964; x_wconf 89' lang='lat' dir='ltr'><strong>quo</strong></span> <span class='ocrx_word' id='word_1_68' title='bbox 947 901 1005 950; x_wconf 93' lang='lat' dir='ltr'><strong>loco</strong></span> <span class='ocrx_word' id='word_1_69' title='bbox 1021 899 1055 950; x_wconf 89' lang='lat' dir='ltr'><strong>de</strong></span> <span class='ocrx_word' id='word_1_70' title='bbox 1071 899 1217 951; x_wconf 83' lang='lat' dir='ltr'><strong>Galliambo</strong></span> 
     </span>
     <span class='ocr_line' id='line_1_9' title="bbox 119 971 1220 1042; baseline 0.006 -24"><span class='ocrx_word' id='word_1_71' title='bbox 119 971 175 1033; x_wconf 86' lang='lat' dir='ltr'><strong>ejus</strong></span> <span class='ocrx_word' id='word_1_72' title='bbox 185 986 258 1035; x_wconf 82' lang='lat' dir='ltr'><strong>aquae</strong></span> <span class='ocrx_word' id='word_1_73' title='bbox 270 974 363 1030; x_wconf 84' lang='lat' dir='ltr'><strong>haustu</strong></span> <span class='ocrx_word' id='word_1_74' title='bbox 379 975 415 1024; x_wconf 90' lang='lat' dir='ltr'><strong>ita</strong></span> <span class='ocrx_word' id='word_1_75' title='bbox 426 981 513 1024; x_wconf 87' lang='lat' dir='ltr'><strong>mente</strong></span> <span class='ocrx_word' id='word_1_76' title='bbox 522 975 648 1024; x_wconf 86' lang='lat' dir='ltr'><strong>alienatus</strong></span> <span class='ocrx_word' id='word_1_77' title='bbox 688 991 764 1026; x_wconf 89' lang='lat' dir='ltr'><strong>versu</strong></span> <span class='ocrx_word' id='word_1_78' title='bbox 775 977 899 1042; x_wconf 88' lang='lat' dir='ltr'><strong>loquitur,</strong></span> <span class='ocrx_word' id='word_1_79' title='bbox 909 977 946 1026; x_wconf 90' lang='lat' dir='ltr'><strong>ita</strong></span> <span class='ocrx_word' id='word_1_80' title='bbox 954 976 1034 1026; x_wconf 87' lang='lat' dir='ltr'><strong>habet</strong></span> <span class='ocrx_word' id='word_1_81' title='bbox 1045 993 1052 1025; x_wconf 74' lang='grc' dir='ltr'><strong><em>ι</em></strong></span> <span class='ocrx_word' id='word_1_82' title='bbox 1071 975 1220 1025; x_wconf 74' lang='lat' dir='ltr'><strong>‘Ser-vasce-</strong></span> 
     </span>
     <span class='ocr_line' id='line_1_10' title="bbox 119 1045 1218 1117; baseline 0.005 -23"><span class='ocrx_word' id='word_1_83' title='bbox 119 1045 212 1110; x_wconf 84' lang='lat' dir='ltr'><strong>iertur,</strong></span> <span class='ocrx_word' id='word_1_84' title='bbox 225 1055 254 1098; x_wconf 91' lang='lat' dir='ltr'><strong>ut</strong></span> <span class='ocrx_word' id='word_1_85' title='bbox 265 1050 314 1101; x_wconf 85' lang='lat' dir='ltr'><strong>sibi</strong></span> <span class='ocrx_word' id='word_1_86' title='bbox 326 1051 409 1100; x_wconf 83' lang='lat' dir='ltr'><strong>virilia</strong></span> <span class='ocrx_word' id='word_1_87' title='bbox 420 1051 563 1112; x_wconf 85' lang='lat' dir='ltr'><strong>execuerit,</strong></span> <span class='ocrx_word' id='word_1_88' title='bbox 580 1058 608 1100; x_wconf 89' lang='lat' dir='ltr'><strong>et</strong></span> <span class='ocrx_word' id='word_1_89' title='bbox 618 1057 649 1099; x_wconf 91' lang='lat' dir='ltr'><strong>ut</strong></span> <span class='ocrx_word' id='word_1_90' title='bbox 689 1067 740 1116; x_wconf 89' lang='lat' dir='ltr'><strong>que</strong></span> <span class='ocrx_word' id='word_1_91' title='bbox 751 1053 881 1103; x_wconf 88' lang='lat' dir='ltr'><strong>catullum</strong></span> <span class='ocrx_word' id='word_1_92' title='bbox 901 1052 994 1117; x_wconf 85' lang='lat' dir='ltr'><strong>probat</strong></span> <span class='ocrx_word' id='word_1_93' title='bbox 1010 1052 1067 1114; x_wconf 85' lang='lat' dir='ltr'><strong>ipse</strong></span> <span class='ocrx_word' id='word_1_94' title='bbox 1079 1051 1125 1101; x_wconf 88' lang='lat' dir='ltr'><strong>tibi</strong></span> <span class='ocrx_word' id='word_1_95' title='bbox 1138 1050 1218 1112; x_wconf 85' lang='lat' dir='ltr'><strong>iiber;</strong></span> 
     </span>
     <span class='ocr_line' id='line_1_11' title="bbox 119 1121 1219 1192; baseline 0.006 -22"><span class='ocrx_word' id='word_1_96' title='bbox 119 1121 187 1171; x_wconf 89' lang='lat' dir='ltr'><strong>idem</strong></span> <span class='ocrx_word' id='word_1_97' title='bbox 214 1125 322 1175; x_wconf 76' lang='lat' dir='ltr'><strong>comites</strong></span> <span class='ocrx_word' id='word_1_98' title='bbox 343 1125 383 1173; x_wconf 90' lang='lat' dir='ltr'><strong>sui</strong></span> <span class='ocrx_word' id='word_1_99' title='bbox 405 1125 534 1188; x_wconf 81' lang='lat' dir='ltr'><strong>iacerent,</strong></span> <span class='ocrx_word' id='word_1_100' title='bbox 557 1131 649 1175; x_wconf 80' lang='lat' dir='ltr'><strong>auctor</strong></span> <span class='ocrx_word' id='word_1_101' title='bbox 688 1128 774 1191; x_wconf 80' lang='lat' dir='ltr'><strong>Super</strong></span> <span class='ocrx_word' id='word_1_102' title='bbox 795 1129 849 1177; x_wconf 88' lang='lat' dir='ltr'><strong>alta</strong></span> <span class='ocrx_word' id='word_1_103' title='bbox 868 1135 956 1178; x_wconf 85' lang='lat' dir='ltr'><strong>vectus</strong></span> <span class='ocrx_word' id='word_1_104' title='bbox 976 1127 1042 1192; x_wconf 85' lang='lat' dir='ltr'><strong>Atys</strong></span> <span class='ocrx_word' id='word_1_105' title='bbox 1060 1127 1138 1177; x_wconf 86' lang='lat' dir='ltr'><strong>celeri</strong></span> <span class='ocrx_word' id='word_1_106' title='bbox 1162 1131 1219 1177; x_wconf 84' lang='lat' dir='ltr'><strong>rats</strong></span> 
     </span>
     <span class='ocr_line' id='line_1_12' title="bbox 119 1195 1219 1266; baseline 0.009 -24"><span class='ocrx_word' id='word_1_107' title='bbox 119 1195 213 1245; x_wconf 78' lang='lat' dir='ltr'><strong>tuerit:</strong></span> <span class='ocrx_word' id='word_1_108' title='bbox 231 1205 285 1246; x_wconf 87' lang='lat' dir='ltr'><strong>tum</strong></span> <span class='ocrx_word' id='word_1_109' title='bbox 298 1213 345 1261; x_wconf 85' lang='lat' dir='ltr'><strong>per</strong></span> <span class='ocrx_word' id='word_1_110' title='bbox 366 1199 470 1263; x_wconf 78' lang='lat' dir='ltr'><strong>aliquod</strong></span> <span class='ocrx_word' id='word_1_111' title='bbox 490 1207 602 1263; x_wconf 87' lang='lat' dir='ltr'><strong>tempus,</strong></span> <span class='ocrx_word' id='word_1_112' title='bbox 621 1206 650 1248; x_wconf 90' lang='lat' dir='ltr'><strong>ut</strong></span> <span class='ocrx_word' id='word_1_113' title='bbox 689 1203 780 1263; x_wconf 83' lang='lat' dir='ltr'><strong>maria,</strong></span> <span class='ocrx_word' id='word_1_114' title='bbox 805 1205 946 1266; x_wconf 77' lang='lat' dir='ltr'><strong>Phrygium</strong></span> <span class='ocrx_word' id='word_1_115' title='bbox 968 1214 999 1253; x_wconf 91' lang='lat' dir='ltr'><strong>ut</strong></span> <span class='ocrx_word' id='word_1_116' title='bbox 1020 1218 1110 1253; x_wconf 89' lang='lat' dir='ltr'><strong>nemus</strong></span> <span class='ocrx_word' id='word_1_117' title='bbox 1135 1202 1219 1252; x_wconf 88' lang='lat' dir='ltr'><strong>citato</strong></span> 
     </span>
     <span class='ocr_line' id='line_1_13' title="bbox 120 1271 1218 1341; baseline 0.007 -22"><span class='ocrx_word' id='word_1_118' title='bbox 120 1285 174 1320; x_wconf 91' lang='lat' dir='ltr'><strong>mos</strong></span> <span class='ocrx_word' id='word_1_119' title='bbox 203 1283 332 1322; x_wconf 87' lang='lat' dir='ltr'><strong>sacrorum</strong></span> <span class='ocrx_word' id='word_1_120' title='bbox 357 1271 470 1336; x_wconf 86' lang='lat' dir='ltr'><strong>ferebat,</strong></span> <span class='ocrx_word' id='word_1_121' title='bbox 491 1273 651 1336; x_wconf 84' lang='lat' dir='ltr'><strong>tumultuati,</strong></span> <span class='ocrx_word' id='word_1_122' title='bbox 690 1278 783 1340; x_wconf 89' lang='lat' dir='ltr'><strong>cupide</strong></span> <span class='ocrx_word' id='word_1_123' title='bbox 805 1278 872 1341; x_wconf 89' lang='lat' dir='ltr'><strong>pede</strong></span> <span class='ocrx_word' id='word_1_124' title='bbox 896 1278 1002 1341; x_wconf 60' lang='lat' dir='ltr'><strong>tetigit?</strong></span> <span class='ocrx_word' id='word_1_125' title='bbox 1042 1279 1118 1331; x_wconf 79' lang='lat' dir='ltr'><strong>Quod</strong></span> <span class='ocrx_word' id='word_1_126' title='bbox 1141 1278 1218 1328; x_wconf 84' lang='lat' dir='ltr'><strong>etiam</strong></span> 
     </span>
     <span class='ocr_line' id='line_1_14' title="bbox 121 1350 1221 1417; baseline 0.005 -19"><span class='ocrx_word' id='word_1_127' title='bbox 121 1350 316 1414; x_wconf 80' lang='lat' dir='ltr'><strong>obdormierunt</strong></span> <span class='ocrx_word' id='word_1_128' title='bbox 343 1351 369 1399; x_wconf 90' lang='lat' dir='ltr'><strong>in</strong></span> <span class='ocrx_word' id='word_1_129' title='bbox 394 1366 498 1400; x_wconf 88' lang='lat' dir='ltr'><strong>nemore</strong></span> <span class='ocrx_word' id='word_1_130' title='bbox 521 1351 648 1414; x_wconf 86' lang='lat' dir='ltr'><strong>Cybeles:</strong></span> <span class='ocrx_word' id='word_1_131' title='bbox 690 1352 826 1402; x_wconf 86' lang='lat' dir='ltr'><strong>coufirmat</strong></span> <span class='ocrx_word' id='word_1_132' title='bbox 841 1352 950 1403; x_wconf 79' lang='lat' dir='ltr'><strong>Attiiius</strong></span> <span class='ocrx_word' id='word_1_133' title='bbox 969 1355 1178 1417; x_wconf 88' lang='lat' dir='ltr'><strong>Fortunatiauus,</strong></span> <span class='ocrx_word' id='word_1_134' title='bbox 1192 1359 1221 1403; x_wconf 86' lang='lat' dir='ltr'><strong>et</strong></span> 
     </span>
     <span class='ocr_line' id='line_1_15' title="bbox 121 1423 1221 1492; baseline 0.007 -20"><span class='ocrx_word' id='word_1_135' title='bbox 121 1439 197 1475; x_wconf 88' lang='lat' dir='ltr'><strong>mane</strong></span> <span class='ocrx_word' id='word_1_136' title='bbox 209 1423 408 1488; x_wconf 80' lang='lat' dir='ltr'><strong>expergefactus</strong></span> <span class='ocrx_word' id='word_1_137' title='bbox 420 1425 497 1488; x_wconf 85' lang='lat' dir='ltr'><strong>Atys,</strong></span> <span class='ocrx_word' id='word_1_138' title='bbox 508 1441 567 1476; x_wconf 91' lang='lat' dir='ltr'><strong>cum</strong></span> <span class='ocrx_word' id='word_1_139' title='bbox 579 1426 611 1475; x_wconf 86' lang='lat' dir='ltr'><strong>sd</strong></span> <span class='ocrx_word' id='word_1_140' title='bbox 622 1439 650 1474; x_wconf 90' lang='lat' dir='ltr'><strong>se</strong></span> <span class='ocrx_word' id='word_1_141' title='bbox 690 1427 745 1489; x_wconf 82' lang='lat' dir='ltr'><strong>ipre</strong></span> <span class='ocrx_word' id='word_1_142' title='bbox 774 1442 875 1492; x_wconf 81' lang='lat' dir='ltr'><strong>quoque</strong></span> <span class='ocrx_word' id='word_1_143' title='bbox 900 1434 1017 1478; x_wconf 83' lang='lat' dir='ltr'><strong>vetusius</strong></span> <span class='ocrx_word' id='word_1_144' title='bbox 1038 1429 1155 1491; x_wconf 86' lang='lat' dir='ltr'><strong>inprimis</strong></span> <span class='ocrx_word' id='word_1_145' title='bbox 1182 1429 1221 1480; x_wconf 79' lang='lat' dir='ltr'><strong>asi</strong></span> 
     </span>
     <span class='ocr_line' id='line_1_16' title="bbox 122 1498 1221 1566; baseline 0.006 -20"><span class='ocrx_word' id='word_1_146' title='bbox 122 1498 251 1561; x_wconf 86' lang='lat' dir='ltr'><strong>rediisset,</strong></span> <span class='ocrx_word' id='word_1_147' title='bbox 271 1500 351 1563; x_wconf 80' lang='lat' dir='ltr'><strong>cepit</strong></span> <span class='ocrx_word' id='word_1_148' title='bbox 367 1500 505 1551; x_wconf 79' lang='lat' dir='ltr'><strong>laurentari</strong></span> <span class='ocrx_word' id='word_1_149' title='bbox 527 1499 652 1553; x_wconf 89' lang='lat' dir='ltr'><strong>conditio·</strong></span> <span class='ocrx_word' id='word_1_150' title='bbox 691 1504 864 1565; x_wconf 71' lang='lat' dir='ltr'><strong>grammatice</strong></span> <span class='ocrx_word' id='word_1_151' title='bbox 883 1503 1009 1566; x_wconf 82' lang='lat' dir='ltr'><strong>scriptor3</strong></span> <span class='ocrx_word' id='word_1_152' title='bbox 1031 1511 1061 1552; x_wconf 84' lang='lat' dir='ltr'><strong>ut</strong></span> <span class='ocrx_word' id='word_1_153' title='bbox 1079 1503 1173 1553; x_wconf 89' lang='lat' dir='ltr'><strong>nodum</strong></span> <span class='ocrx_word' id='word_1_154' title='bbox 1193 1503 1221 1553; x_wconf 84' lang='lat' dir='ltr'><strong>iu</strong></span> 
     </span>
    </p>
   </div>
   <div class='ocr_carea' id='block_1_3' title="bbox 28 1573 1223 1643">
    <p class='ocr_par' dir='ltr' id='par_1_3' title="bbox 28 1573 1223 1643">
     <span class='ocr_line' id='line_1_17' title="bbox 28 1573 1223 1643; baseline 0.005 -23"><span class='ocrx_word' id='word_1_155' title='bbox 28 1579 37 1594; x_wconf 87' lang='lat'><strong>·</strong></span> <span class='ocrx_word' id='word_1_156' title='bbox 122 1587 181 1621; x_wconf 90' lang='lat' dir='ltr'><strong>nem</strong></span> <span class='ocrx_word' id='word_1_157' title='bbox 203 1587 283 1634; x_wconf 84' lang='lat' dir='ltr'><strong>suom,</strong></span> <span class='ocrx_word' id='word_1_158' title='bbox 303 1581 330 1625; x_wconf 90' lang='lat' dir='ltr'><strong>et</strong></span> <span class='ocrx_word' id='word_1_159' title='bbox 347 1575 374 1622; x_wconf 88' lang='lat' dir='ltr'><strong>iu</strong></span> <span class='ocrx_word' id='word_1_160' title='bbox 394 1575 505 1638; x_wconf 86' lang='lat' dir='ltr'><strong>patriam</strong></span> <span class='ocrx_word' id='word_1_161' title='bbox 527 1573 652 1623; x_wconf 78' lang='lat' dir='ltr'><strong>redeundi</strong></span> <span class='ocrx_word' id='word_1_162' title='bbox 692 1578 779 1641; x_wconf 83' lang='lat' dir='ltr'><strong>scirpo</strong></span> <span class='ocrx_word' id='word_1_163' title='bbox 794 1592 910 1641; x_wconf 81' lang='lat' dir='ltr'><strong>quaerere</strong></span> <span class='ocrx_word' id='word_1_164' title='bbox 927 1578 1064 1628; x_wconf 83' lang='lat' dir='ltr'><strong>rideantur</strong></span> <span class='ocrx_word' id='word_1_165' title='bbox 1080 1578 1123 1643; x_wconf 88' lang='lat' dir='ltr'><strong>qui</strong></span> <span class='ocrx_word' id='word_1_166' title='bbox 1139 1576 1223 1627; x_wconf 77' lang='lat' dir='ltr'><strong>Caeci·</strong></span> 
     </span>
    </p>
   </div>
   <div class='ocr_carea' id='block_1_4' title="bbox 121 1652 1225 2769">
    <p class='ocr_par' dir='ltr' id='par_1_4' title="bbox 121 1652 1225 2769">
     <span class='ocr_line' id='line_1_18' title="bbox 121 1652 1222 1716; baseline 0.003 -16"><span class='ocrx_word' id='word_1_167' title='bbox 121 1652 254 1701; x_wconf 89' lang='lat' dir='ltr'><strong>consilium</strong></span> <span class='ocrx_word' id='word_1_168' title='bbox 266 1652 339 1702; x_wconf 91' lang='lat' dir='ltr'><strong>iuire.</strong></span> <span class='ocrx_word' id='word_1_169' title='bbox 373 1654 449 1703; x_wconf 86' lang='lat' dir='ltr'><strong>Tunc</strong></span> <span class='ocrx_word' id='word_1_170' title='bbox 463 1653 563 1716; x_wconf 86' lang='lat' dir='ltr'><strong>Cybele</strong></span> <span class='ocrx_word' id='word_1_171' title='bbox 575 1653 655 1716; x_wconf 88' lang='lat' dir='ltr'><strong>ipsius</strong></span> <span class='ocrx_word' id='word_1_172' title='bbox 693 1652 755 1701; x_wconf 89' lang='lat' dir='ltr'><strong>lium</strong></span> <span class='ocrx_word' id='word_1_173' title='bbox 767 1660 897 1702; x_wconf 79' lang='lat' dir='ltr'><strong>auctorem</strong></span> <span class='ocrx_word' id='word_1_174' title='bbox 908 1653 984 1716; x_wconf 84' lang='lat' dir='ltr'><strong>hujus</strong></span> <span class='ocrx_word' id='word_1_175' title='bbox 996 1653 1114 1703; x_wconf 76' lang='lat' dir='ltr'><strong>carminis</strong></span> <span class='ocrx_word' id='word_1_176' title='bbox 1130 1667 1222 1715; x_wconf 75' lang='lat' dir='ltr'><strong>agnos·</strong></span> 
     </span>
     <span class='ocr_line' id='line_1_19' title="bbox 123 1725 1221 1793; baseline 0.002 -18"><span class='ocrx_word' id='word_1_177' title='bbox 123 1742 209 1776; x_wconf 89' lang='lat' dir='ltr'><strong>amore</strong></span> <span class='ocrx_word' id='word_1_178' title='bbox 225 1737 349 1792; x_wconf 86' lang='lat' dir='ltr'><strong>correpta</strong></span> <span class='ocrx_word' id='word_1_179' title='bbox 367 1730 466 1779; x_wconf 83' lang='lat' dir='ltr'><strong>leonem</strong></span> <span class='ocrx_word' id='word_1_180' title='bbox 483 1729 598 1790; x_wconf 82' lang='lat' dir='ltr'><strong>immisit,</strong></span> <span class='ocrx_word' id='word_1_181' title='bbox 610 1728 654 1793; x_wconf 86' lang='lat' dir='ltr'><strong>qui</strong></span> <span class='ocrx_word' id='word_1_182' title='bbox 693 1732 766 1775; x_wconf 87' lang='lat' dir='ltr'><strong>cnut.</strong></span> <span class='ocrx_word' id='word_1_183' title='bbox 799 1727 891 1776; x_wconf 88' lang='lat' dir='ltr'><strong>Potuit</strong></span> <span class='ocrx_word' id='word_1_184' title='bbox 906 1727 949 1777; x_wconf 89' lang='lat' dir='ltr'><strong>iile</strong></span> <span class='ocrx_word' id='word_1_185' title='bbox 963 1727 1066 1791; x_wconf 83' lang='lat' dir='ltr'><strong>quidem</strong></span> <span class='ocrx_word' id='word_1_186' title='bbox 1085 1726 1177 1789; x_wconf 82' lang='lat' dir='ltr'><strong>poiima</strong></span> <span class='ocrx_word' id='word_1_187' title='bbox 1187 1725 1221 1777; x_wconf 86' lang='lat' dir='ltr'><strong>ds</strong></span> 
     </span>
     <span class='ocr_line' id='line_1_20' title="bbox 123 1800 1222 1868; baseline -0.002 -14"><span class='ocrx_word' id='word_1_188' title='bbox 123 1817 181 1854; x_wconf 85' lang='lat' dir='ltr'><strong>eum</strong></span> <span class='ocrx_word' id='word_1_189' title='bbox 193 1803 229 1853; x_wconf 85' lang='lat' dir='ltr'><strong>ita</strong></span> <span class='ocrx_word' id='word_1_190' title='bbox 241 1803 430 1868; x_wconf 82' lang='lat' dir='ltr'><strong>perterrefecit,</strong></span> <span class='ocrx_word' id='word_1_191' title='bbox 443 1810 472 1853; x_wconf 90' lang='lat' dir='ltr'><strong>ut</strong></span> <span class='ocrx_word' id='word_1_192' title='bbox 484 1803 505 1852; x_wconf 85' lang='lat' dir='ltr'><strong>is</strong></span> <span class='ocrx_word' id='word_1_193' title='bbox 514 1803 547 1852; x_wconf 89' lang='lat' dir='ltr'><strong>ab</strong></span> <span class='ocrx_word' id='word_1_194' title='bbox 556 1804 655 1863; x_wconf 88' lang='lat' dir='ltr'><strong>littore,</strong></span> <span class='ocrx_word' id='word_1_195' title='bbox 694 1801 790 1863; x_wconf 84' lang='lat' dir='ltr'><strong>Cybele</strong></span> <span class='ocrx_word' id='word_1_196' title='bbox 803 1800 964 1863; x_wconf 87' lang='lat' dir='ltr'><strong>coniecisse;</strong></span> <span class='ocrx_word' id='word_1_197' title='bbox 981 1802 1037 1866; x_wconf 87' lang='lat' dir='ltr'><strong>qais</strong></span> <span class='ocrx_word' id='word_1_198' title='bbox 1055 1802 1105 1853; x_wconf 88' lang='lat' dir='ltr'><strong>hoc</strong></span> <span class='ocrx_word' id='word_1_199' title='bbox 1126 1803 1222 1866; x_wconf 69' lang='lat' dir='ltr'><strong>nenti</strong></span> 
     </span>
     <span class='ocr_line' id='line_1_21' title="bbox 124 1874 1223 1942; baseline 0.001 -15"><span class='ocrx_word' id='word_1_200' title='bbox 124 1892 174 1941; x_wconf 91' lang='lat' dir='ltr'><strong>quo</strong></span> <span class='ocrx_word' id='word_1_201' title='bbox 189 1879 244 1941; x_wconf 77' lang='lat' dir='ltr'><strong>Jam</strong></span> <span class='ocrx_word' id='word_1_202' title='bbox 260 1887 433 1942; x_wconf 74' lang='lat' dir='ltr'><strong>processerat,</strong></span> <span class='ocrx_word' id='word_1_203' title='bbox 448 1880 474 1929; x_wconf 92' lang='lat' dir='ltr'><strong>in</strong></span> <span class='ocrx_word' id='word_1_204' title='bbox 492 1892 582 1927; x_wconf 91' lang='lat' dir='ltr'><strong>nemus</strong></span> <span class='ocrx_word' id='word_1_205' title='bbox 593 1891 654 1927; x_wconf 89' lang='lat' dir='ltr'><strong>con·</strong></span> <span class='ocrx_word' id='word_1_206' title='bbox 692 1874 743 1924; x_wconf 86' lang='lat' dir='ltr'><strong>Sed</strong></span> <span class='ocrx_word' id='word_1_207' title='bbox 761 1890 812 1940; x_wconf 86' lang='lat' dir='ltr'><strong>quo</strong></span> <span class='ocrx_word' id='word_1_208' title='bbox 822 1877 942 1927; x_wconf 76' lang='lat' dir='ltr'><strong>carminis</strong></span> <span class='ocrx_word' id='word_1_209' title='bbox 955 1892 1050 1941; x_wconf 79' lang='lat' dir='ltr'><strong>genere</strong></span> <span class='ocrx_word' id='word_1_210' title='bbox 1061 1877 1088 1926; x_wconf 90' lang='lat' dir='ltr'><strong>id</strong></span> <span class='ocrx_word' id='word_1_211' title='bbox 1099 1877 1223 1928; x_wconf 79' lang='lat' dir='ltr'><strong>cunctite-</strong></span> 
     </span>
     <span class='ocr_line' id='line_1_22' title="bbox 123 1951 1223 2019; baseline -0.001 -15"><span class='ocrx_word' id='word_1_212' title='bbox 123 1954 215 2019; x_wconf 85' lang='lat' dir='ltr'><strong>fugere</strong></span> <span class='ocrx_word' id='word_1_213' title='bbox 233 1965 339 2007; x_wconf 86' lang='lat' dir='ltr'><strong>coactns</strong></span> <span class='ocrx_word' id='word_1_214' title='bbox 356 1956 447 2014; x_wconf 82' lang='lat' dir='ltr'><strong>fuerit,</strong></span> <span class='ocrx_word' id='word_1_215' title='bbox 463 1956 507 2005; x_wconf 89' lang='lat' dir='ltr'><strong>nbi</strong></span> <span class='ocrx_word' id='word_1_216' title='bbox 526 1954 655 2018; x_wconf 91' lang='lat' dir='ltr'><strong>reliquum</strong></span> <span class='ocrx_word' id='word_1_217' title='bbox 693 1951 736 2012; x_wconf 88' lang='lat' dir='ltr'><strong>rit,</strong></span> <span class='ocrx_word' id='word_1_218' title='bbox 755 1965 830 2000; x_wconf 89' lang='lat' dir='ltr'><strong>nemo</strong></span> <span class='ocrx_word' id='word_1_219' title='bbox 853 1953 988 2015; x_wconf 84' lang='lat' dir='ltr'><strong>perspicue</strong></span> <span class='ocrx_word' id='word_1_220' title='bbox 1008 1953 1105 2002; x_wconf 87' lang='lat' dir='ltr'><strong>docuit.</strong></span> <span class='ocrx_word' id='word_1_221' title='bbox 1142 1955 1223 2003; x_wconf 86' lang='lat' dir='ltr'><strong>Certe</strong></span> 
     </span>
     <span class='ocr_line' id='line_1_23' title="bbox 124 2024 1223 2095; baseline -0.004 -15"><span class='ocrx_word' id='word_1_222' title='bbox 124 2032 185 2082; x_wconf 82' lang='lat' dir='ltr'><strong>vitm</strong></span> <span class='ocrx_word' id='word_1_223' title='bbox 197 2033 371 2095; x_wconf 81' lang='lat' dir='ltr'><strong>suaeapatium</strong></span> <span class='ocrx_word' id='word_1_224' title='bbox 388 2031 498 2094; x_wconf 85' lang='lat' dir='ltr'><strong>Cybeles</strong></span> <span class='ocrx_word' id='word_1_225' title='bbox 515 2029 595 2078; x_wconf 88' lang='lat' dir='ltr'><strong>sacris</strong></span> <span class='ocrx_word' id='word_1_226' title='bbox 610 2028 655 2077; x_wconf 90' lang='lat' dir='ltr'><strong>ad·</strong></span> <span class='ocrx_word' id='word_1_227' title='bbox 694 2024 755 2073; x_wconf 89' lang='lat' dir='ltr'><strong>iliud</strong></span> <span class='ocrx_word' id='word_1_228' title='bbox 776 2041 792 2074; x_wconf 88' lang='lat' dir='ltr'><strong>a</strong></span> <span class='ocrx_word' id='word_1_229' title='bbox 809 2040 855 2074; x_wconf 87' lang='lat' dir='ltr'><strong>suo</strong></span> <span class='ocrx_word' id='word_1_230' title='bbox 878 2027 956 2088; x_wconf 71' lang='lat' dir='ltr'><strong>podia</strong></span> <span class='ocrx_word' id='word_1_231' title='bbox 975 2041 1026 2076; x_wconf 90' lang='lat' dir='ltr'><strong>non</strong></span> <span class='ocrx_word' id='word_1_232' title='bbox 1048 2026 1127 2076; x_wconf 82' lang='lat' dir='ltr'><strong>iuiuse</strong></span> <span class='ocrx_word' id='word_1_233' title='bbox 1150 2029 1223 2090; x_wconf 88' lang='lat' dir='ltr'><strong>peni·</strong></span> 
     </span>
     <span class='ocr_line' id='line_1_24' title="bbox 125 2099 1223 2169; baseline -0.003 -15"><span class='ocrx_word' id='word_1_234' title='bbox 125 2104 655 2169; x_wconf 82' lang='lat' dir='ltr'><strong>dictustransegit;cujusexemploDeam</strong></span> <span class='ocrx_word' id='word_1_235' title='bbox 694 2104 734 2148; x_wconf 88' lang='lat' dir='ltr'><strong>tus</strong></span> <span class='ocrx_word' id='word_1_236' title='bbox 753 2099 907 2162; x_wconf 87' lang='lat' dir='ltr'><strong>absolutum,</strong></span> <span class='ocrx_word' id='word_1_237' title='bbox 919 2101 1054 2150; x_wconf 84' lang='lat' dir='ltr'><strong>confirmat</strong></span> <span class='ocrx_word' id='word_1_238' title='bbox 1069 2101 1110 2150; x_wconf 85' lang='lat' dir='ltr'><strong>iric</strong></span> <span class='ocrx_word' id='word_1_239' title='bbox 1125 2108 1223 2163; x_wconf 84' lang='lat' dir='ltr'><strong>noster,</strong></span> 
     </span>
     <span class='ocr_line' id='line_1_25' title="bbox 125 2171 1224 2243; baseline -0.004 -13"><span class='ocrx_word' id='word_1_240' title='bbox 125 2188 201 2243; x_wconf 84' lang='lat' dir='ltr'><strong>roget</strong></span> <span class='ocrx_word' id='word_1_241' title='bbox 211 2180 306 2241; x_wconf 82' lang='lat' dir='ltr'><strong>Poiita,</strong></span> <span class='ocrx_word' id='word_1_242' title='bbox 319 2186 347 2229; x_wconf 91' lang='lat' dir='ltr'><strong>ut</strong></span> <span class='ocrx_word' id='word_1_243' title='bbox 357 2181 415 2229; x_wconf 88' lang='lat' dir='ltr'><strong>talis</strong></span> <span class='ocrx_word' id='word_1_244' title='bbox 426 2179 494 2228; x_wconf 82' lang='lat' dir='ltr'><strong>furor</strong></span> <span class='ocrx_word' id='word_1_245' title='bbox 506 2194 521 2227; x_wconf 89' lang='lat' dir='ltr'><strong>s</strong></span> <span class='ocrx_word' id='word_1_246' title='bbox 532 2192 579 2227; x_wconf 86' lang='lat' dir='ltr'><strong>sua</strong></span> <span class='ocrx_word' id='word_1_247' title='bbox 588 2191 652 2226; x_wconf 87' lang='lat' dir='ltr'><strong>sem·</strong></span> <span class='ocrx_word' id='word_1_248' title='bbox 694 2171 789 2232; x_wconf 72' lang='lat' dir='ltr'><strong>‘Nam</strong></span> <span class='ocrx_word' id='word_1_249' title='bbox 804 2187 854 2236; x_wconf 89' lang='lat' dir='ltr'><strong>quo</strong></span> <span class='ocrx_word' id='word_1_250' title='bbox 867 2180 983 2238; x_wconf 88' lang='lat' dir='ltr'><strong>tempore</strong></span> <span class='ocrx_word' id='word_1_251' title='bbox 999 2177 1065 2238; x_wconf 71' lang='lat' dir='ltr'><strong>legit</strong></span> <span class='ocrx_word' id='word_1_252' title='bbox 1078 2176 1224 2227; x_wconf 85' lang='lat' dir='ltr'><strong>inchoatam</strong></span> 
     </span>
     <span class='ocr_line' id='line_1_26' title="bbox 126 2245 1224 2319; baseline -0.004 -14"><span class='ocrx_word' id='word_1_253' title='bbox 126 2270 174 2319; x_wconf 86' lang='lat' dir='ltr'><strong>per</strong></span> <span class='ocrx_word' id='word_1_254' title='bbox 196 2253 272 2305; x_wconf 62' lang='lat' dir='ltr'><strong>absit*</strong></span> <span class='ocrx_word' id='word_1_255' title='bbox 283 2257 368 2304; x_wconf 89' lang='lat' dir='ltr'><strong>domo.</strong></span> <span class='ocrx_word' id='word_1_256' title='bbox 401 2254 468 2303; x_wconf 81' lang='lat' dir='ltr'><strong>Haec</strong></span> <span class='ocrx_word' id='word_1_257' title='bbox 487 2253 603 2313; x_wconf 80' lang='lat' dir='ltr'><strong>Catullus</strong></span> <span class='ocrx_word' id='word_1_258' title='bbox 620 2264 655 2299; x_wconf 85' lang='lat' dir='ltr'><strong>ex</strong></span> <span class='ocrx_word' id='word_1_259' title='bbox 696 2245 821 2309; x_wconf 87' lang='lat' dir='ltr'><strong>Dindymi</strong></span> <span class='ocrx_word' id='word_1_260' title='bbox 837 2246 984 2310; x_wconf 86' lang='lat' dir='ltr'><strong>dominsm‚’</strong></span> <span class='ocrx_word' id='word_1_261' title='bbox 1001 2253 1050 2301; x_wconf 80' lang='lat' dir='ltr'><strong>dre.</strong></span> <span class='ocrx_word' id='word_1_262' title='bbox 1073 2264 1157 2300; x_wconf 90' lang='lat' dir='ltr'><strong>rursus</strong></span> <span class='ocrx_word' id='word_1_263' title='bbox 1175 2250 1224 2301; x_wconf 84' lang='lat' dir='ltr'><strong>ibi-</strong></span> 
     </span>
     <span class='ocr_line' id='line_1_27' title="bbox 126 2323 1225 2392; baseline -0.005 -13"><span class='ocrx_word' id='word_1_264' title='bbox 126 2344 172 2380; x_wconf 93' lang='lat' dir='ltr'><strong>suo</strong></span> <span class='ocrx_word' id='word_1_265' title='bbox 180 2344 255 2378; x_wconf 86' lang='lat' dir='ltr'><strong>sensu</strong></span> <span class='ocrx_word' id='word_1_266' title='bbox 267 2344 334 2379; x_wconf 90' lang='lat' dir='ltr'><strong>nunc</strong></span> <span class='ocrx_word' id='word_1_267' title='bbox 346 2328 517 2392; x_wconf 84' lang='lat' dir='ltr'><strong>prosequitur,</strong></span> <span class='ocrx_word' id='word_1_268' title='bbox 525 2325 655 2375; x_wconf 73' lang='lat' dir='ltr'><strong>ueletiam</strong></span> <span class='ocrx_word' id='word_1_269' title='bbox 695 2323 776 2383; x_wconf 84' lang='lat' dir='ltr'><strong>dem‚‘</strong></span> <span class='ocrx_word' id='word_1_270' title='bbox 784 2323 1225 2386; x_wconf 77' lang='lat' dir='ltr'><strong>MeguaCoeciiioiuchoatameter.’</strong></span> 
     </span>
     <span class='ocr_line' id='line_1_28' title="bbox 126 2398 1225 2472; baseline -0.003 -18"><span class='ocrx_word' id='word_1_271' title='bbox 126 2420 171 2454; x_wconf 91' lang='lat' dir='ltr'><strong>eos</strong></span> <span class='ocrx_word' id='word_1_272' title='bbox 187 2406 326 2468; x_wconf 85' lang='lat' dir='ltr'><strong>scriptores</strong></span> <span class='ocrx_word' id='word_1_273' title='bbox 343 2410 466 2467; x_wconf 85' lang='lat' dir='ltr'><strong>sequutus</strong></span> <span class='ocrx_word' id='word_1_274' title='bbox 478 2407 528 2463; x_wconf 88' lang='lat' dir='ltr'><strong>est,</strong></span> <span class='ocrx_word' id='word_1_275' title='bbox 538 2398 655 2462; x_wconf 85' lang='lat' dir='ltr'><strong>quihenc</strong></span> <span class='ocrx_word' id='word_1_276' title='bbox 696 2399 939 2462; x_wconf 76' lang='lat' dir='ltr'><strong>Praegravatigitnr</strong></span> <span class='ocrx_word' id='word_1_277' title='bbox 956 2400 1025 2472; x_wconf 85' lang='lat' dir='ltr'><strong>apud</strong></span> <span class='ocrx_word' id='word_1_278' title='bbox 1041 2401 1135 2451; x_wconf 82' lang='lat' dir='ltr'><strong>merei</strong></span> <span class='ocrx_word' id='word_1_279' title='bbox 1152 2409 1225 2453; x_wconf 87' lang='lat' dir='ltr'><strong>certe</strong></span> 
     </span>
     <span class='ocr_line' id='line_1_29' title="bbox 126 2474 1225 2541; baseline -0.003 -12"><span class='ocrx_word' id='word_1_280' title='bbox 126 2479 241 2530; x_wconf 82' lang='lat' dir='ltr'><strong>fabulam</strong></span> <span class='ocrx_word' id='word_1_281' title='bbox 260 2480 298 2529; x_wconf 86' lang='lat' dir='ltr'><strong>ita</strong></span> <span class='ocrx_word' id='word_1_282' title='bbox 318 2479 447 2528; x_wconf 81' lang='lat' dir='ltr'><strong>memoriae</strong></span> <span class='ocrx_word' id='word_1_283' title='bbox 471 2475 655 2541; x_wconf 81' lang='lat' dir='ltr'><strong>prodiderunt3</strong></span> <span class='ocrx_word' id='word_1_284' title='bbox 695 2474 823 2531; x_wconf 71' lang='lat' dir='ltr'><strong>nutrieris</strong></span> <span class='ocrx_word' id='word_1_285' title='bbox 840 2475 1079 2538; x_wconf 84' lang='lat' dir='ltr'><strong>auctoritas,quam</strong></span> <span class='ocrx_word' id='word_1_286' title='bbox 1098 2476 1166 2539; x_wconf 89' lang='lat' dir='ltr'><strong>apud</strong></span> <span class='ocrx_word' id='word_1_287' title='bbox 1180 2491 1225 2527; x_wconf 82' lang='lat' dir='ltr'><strong>voa</strong></span> 
     </span>
     <span class='ocr_line' id='line_1_30' title="bbox 127 2549 1224 2619; baseline 0 -16"><span class='ocrx_word' id='word_1_288' title='bbox 127 2569 184 2603; x_wconf 90' lang='lat' dir='ltr'><strong>nam</strong></span> <span class='ocrx_word' id='word_1_289' title='bbox 197 2563 325 2617; x_wconf 86' lang='lat' dir='ltr'><strong>auctores,</strong></span> <span class='ocrx_word' id='word_1_290' title='bbox 336 2569 399 2619; x_wconf 89' lang='lat' dir='ltr'><strong>quos</strong></span> <span class='ocrx_word' id='word_1_291' title='bbox 412 2568 481 2602; x_wconf 86' lang='lat' dir='ltr'><strong>nunc</strong></span> <span class='ocrx_word' id='word_1_292' title='bbox 497 2553 523 2601; x_wconf 89' lang='lat' dir='ltr'><strong>in</strong></span> <span class='ocrx_word' id='word_1_293' title='bbox 540 2551 656 2600; x_wconf 86' lang='lat' dir='ltr'><strong>manibus</strong></span> <span class='ocrx_word' id='word_1_294' title='bbox 696 2564 797 2614; x_wconf 78' lang='lat' dir='ltr'><strong>quoque</strong></span> <span class='ocrx_word' id='word_1_295' title='bbox 823 2549 912 2599; x_wconf 87' lang='lat' dir='ltr'><strong>itidem</strong></span> <span class='ocrx_word' id='word_1_296' title='bbox 937 2558 1162 2614; x_wconf 71' lang='lat' dir='ltr'><strong>pregravaturam,</strong></span> <span class='ocrx_word' id='word_1_297' title='bbox 1183 2566 1224 2603; x_wconf 80' lang='lat' dir='ltr'><strong>me</strong></span> 
     </span>
     <span class='ocr_line' id='line_1_31' title="bbox 128 2623 1225 2694; baseline -0.003 -15"><span class='ocrx_word' id='word_1_298' title='bbox 128 2631 259 2693; x_wconf 84' lang='lat' dir='ltr'><strong>habemus,</strong></span> <span class='ocrx_word' id='word_1_299' title='bbox 275 2633 352 2694; x_wconf 79' lang='lat' dir='ltr'><strong>longe</strong></span> <span class='ocrx_word' id='word_1_300' title='bbox 370 2631 446 2679; x_wconf 87' lang='lat' dir='ltr'><strong>aliter</strong></span> <span class='ocrx_word' id='word_1_301' title='bbox 465 2630 545 2691; x_wconf 82' lang='lat' dir='ltr'><strong>ipsam</strong></span> <span class='ocrx_word' id='word_1_302' title='bbox 567 2640 656 2676; x_wconf 87' lang='lat' dir='ltr'><strong>recen·</strong></span> <span class='ocrx_word' id='word_1_303' title='bbox 697 2623 842 2687; x_wconf 81' lang='lat' dir='ltr'><strong>praesertim</strong></span> <span class='ocrx_word' id='word_1_304' title='bbox 863 2630 969 2677; x_wconf 85' lang='lat' dir='ltr'><strong>auctore</strong></span> <span class='ocrx_word' id='word_1_305' title='bbox 993 2626 1225 2691; x_wconf 64' lang='lat' dir='ltr'><strong>arrangement!</strong></span> 
     </span>
     <span class='ocr_line' id='line_1_32' title="bbox 127 2697 885 2769; baseline -0.009 -14"><span class='ocrx_word' id='word_1_306' title='bbox 127 2713 194 2755; x_wconf 89' lang='lat' dir='ltr'><strong>sent.</strong></span> <span class='ocrx_word' id='word_1_307' title='bbox 218 2708 282 2757; x_wconf 86' lang='lat' dir='ltr'><strong>Esse</strong></span> <span class='ocrx_word' id='word_1_308' title='bbox 293 2714 379 2756; x_wconf 85' lang='lat' dir='ltr'><strong>autem</strong></span> <span class='ocrx_word' id='word_1_309' title='bbox 391 2707 439 2754; x_wconf 86' lang='lat' dir='ltr'><strong>hoc</strong></span> <span class='ocrx_word' id='word_1_310' title='bbox 453 2704 612 2769; x_wconf 64' lang='lat' dir='ltr'><strong>poematium</strong></span> <span class='ocrx_word' id='word_1_311' title='bbox 624 2701 657 2751; x_wconf 90' lang='lat' dir='ltr'><strong>ad</strong></span> <span class='ocrx_word' id='word_1_312' title='bbox 698 2700 774 2764; x_wconf 88' lang='lat' dir='ltr'><strong>piane</strong></span> <span class='ocrx_word' id='word_1_313' title='bbox 787 2697 885 2748; x_wconf 90' lang='lat' dir='ltr'><strong>dubito.</strong></span> 
     </span>
    </p>
   </div>
   <div class='ocr_carea' id='block_1_5' title="bbox 543 2916 816 2929">
    <p class='ocr_par' dir='ltr' id='par_1_5' title="bbox 543 2916 816 2929">
     <span class='ocr_line' id='line_1_33' title="bbox 543 2916 816 2929; baseline -0.015 0"><span class='ocrx_word' id='word_1_314' title='bbox 543 2916 816 2929; x_wconf 78' lang='lat'><strong>......----—-</strong></span> 
     </span>
    </p>
   </div>
   <div class='ocr_carea' id='block_1_6' title="bbox 348 3097 1008 3329">
    <p class='ocr_par' dir='ltr' id='par_1_6' title="bbox 348 3097 1008 3329">
     <span class='ocr_line' id='line_1_34' title="bbox 348 3097 1008 3184; baseline -0.009 -3"><span class='ocrx_word' id='word_1_315' title='bbox 348 3105 718 3184; x_wconf 82' lang='lat' dir='ltr'><strong>HIERONYMI</strong></span> <span class='ocrx_word' id='word_1_316' title='bbox 765 3097 1008 3178; x_wconf 80' lang='lat' dir='ltr'>AVANTH</span> 
     </span>
     <span class='ocr_line' id='line_1_35' title="bbox 521 3259 831 3329; baseline -0.019 -1"><span class='ocrx_word' id='word_1_317' title='bbox 521 3259 831 3329; x_wconf 70' lang='lat' dir='ltr'><strong>vulterensis</strong></span> 
     </span>
    </p>
   </div>
   <div class='ocr_carea' id='block_1_7' title="bbox 257 3424 1097 3707">
    <p class='ocr_par' dir='ltr' id='par_1_7' title="bbox 257 3424 1097 3707">
     <span class='ocr_line' id='line_1_36' title="bbox 257 3424 1097 3518; baseline -0.004 -1"><span class='ocrx_word' id='word_1_318' title='bbox 257 3424 1097 3518; x_wconf 86' lang='lat' dir='ltr'><strong>EMENDATIONES</strong></span> 
     </span>
     <span class='ocr_line' id='line_1_37' title="bbox 475 3628 881 3707; baseline -0.012 0"><span class='ocrx_word' id='word_1_319' title='bbox 475 3628 881 3707; x_wconf 82' lang='lat' dir='ltr'><strong>INCATULLUM.</strong></span> 
     </span>
    </p>
   </div>
   <div class='ocr_carea' id='block_1_8' title="bbox 134 3958 1230 4256">
    <p class='ocr_par' dir='ltr' id='par_1_8' title="bbox 134 3958 1228 4025">
     <span class='ocr_line' id='line_1_38' title="bbox 134 3958 1228 4025; baseline -0.004 -11"><span class='ocrx_word' id='word_1_320' title='bbox 134 3965 280 4025; x_wconf 62' lang='lat' dir='ltr'><strong>demotionis</strong></span> <span class='ocrx_word' id='word_1_321' title='bbox 291 3967 405 4015; x_wconf 85' lang='lat' dir='ltr'><strong>Morooos</strong></span> <span class='ocrx_word' id='word_1_322' title='bbox 423 3966 582 4014; x_wconf 85' lang='lat' dir='ltr'><strong>Olomuceasis</strong></span> <span class='ocrx_word' id='word_1_323' title='bbox 592 3965 661 4012; x_wconf 74' lang='lat' dir='ltr'><strong>duris</strong></span> <span class='ocrx_word' id='word_1_324' title='bbox 734 3963 798 4011; x_wconf 84' lang='lat' dir='ltr'><strong>Cum</strong></span> <span class='ocrx_word' id='word_1_325' title='bbox 827 3961 890 4010; x_wconf 88' lang='lat' dir='ltr'><strong>nihii</strong></span> <span class='ocrx_word' id='word_1_326' title='bbox 912 3958 1086 4024; x_wconf 79' lang='lat' dir='ltr'><strong>praestabilius</strong></span> <span class='ocrx_word' id='word_1_327' title='bbox 1107 3958 1134 4008; x_wconf 88' lang='lat' dir='ltr'><strong>in</strong></span> <span class='ocrx_word' id='word_1_328' title='bbox 1154 3958 1228 4010; x_wconf 76' lang='lat' dir='ltr'><strong>reisue</strong></span> 
     </span>
    </p>

    <p class='ocr_par' dir='ltr' id='par_1_9' title="bbox 167 4035 1229 4103">
     <span class='ocr_line' id='line_1_39' title="bbox 167 4035 1229 4103; baseline -0.001 -18"><span class='ocrx_word' id='word_1_329' title='bbox 167 4038 289 4103; x_wconf 66' lang='lat' dir='ltr'><strong>Poatrjicii</strong></span> <span class='ocrx_word' id='word_1_330' title='bbox 299 4045 323 4089; x_wconf 83' lang='lat' dir='ltr'><strong>et</strong></span> <span class='ocrx_word' id='word_1_331' title='bbox 338 4040 482 4090; x_wconf 75' lang='lat' dir='ltr'><strong>Liber-olium</strong></span> <span class='ocrx_word' id='word_1_332' title='bbox 493 4039 590 4093; x_wconf 79' lang='lat' dir='ltr'><strong>Artium</strong></span> <span class='ocrx_word' id='word_1_333' title='bbox 600 4039 660 4088; x_wconf 90' lang='lat' dir='ltr'><strong>Pro·</strong></span> <span class='ocrx_word' id='word_1_334' title='bbox 700 4039 816 4089; x_wconf 86' lang='lat' dir='ltr'><strong>humanis</strong></span> <span class='ocrx_word' id='word_1_335' title='bbox 825 4039 982 4098; x_wconf 82' lang='lat' dir='ltr'><strong>inveniatur,</strong></span> <span class='ocrx_word' id='word_1_336' title='bbox 990 4035 1102 4098; x_wconf 82' lang='lat' dir='ltr'><strong>nihilque</strong></span> <span class='ocrx_word' id='word_1_337' title='bbox 1108 4035 1229 4096; x_wconf 80' lang='lat' dir='ltr'><strong>divinior,</strong></span> 
     </span>
    </p>

    <p class='ocr_par' dir='ltr' id='par_1_10' title="bbox 158 4111 1230 4256">
     <span class='ocr_line' id='line_1_40' title="bbox 158 4111 1230 4179; baseline 0.002 -18"><span class='ocrx_word' id='word_1_338' title='bbox 158 4112 238 4171; x_wconf 79' lang='lat' dir='ltr'><strong>sessio</strong></span> <span class='ocrx_word' id='word_1_339' title='bbox 246 4113 361 4164; x_wconf 75' lang='lat' dir='ltr'><strong>Studiose</strong></span> <span class='ocrx_word' id='word_1_340' title='bbox 370 4115 497 4164; x_wconf 80' lang='lat' dir='ltr'><strong>Juoeatati</strong></span> <span class='ocrx_word' id='word_1_341' title='bbox 509 4115 533 4165; x_wconf 83' lang='lat' dir='ltr'><strong>S.</strong></span> <span class='ocrx_word' id='word_1_342' title='bbox 544 4115 575 4164; x_wconf 86' lang='grc' dir='ltr'><strong>Ρ.</strong></span> <span class='ocrx_word' id='word_1_343' title='bbox 700 4129 776 4179; x_wconf 86' lang='lat' dir='ltr'><strong>quarn</strong></span> <span class='ocrx_word' id='word_1_344' title='bbox 795 4121 823 4165; x_wconf 86' lang='lat' dir='ltr'><strong>et</strong></span> <span class='ocrx_word' id='word_1_345' title='bbox 845 4112 967 4176; x_wconf 87' lang='lat' dir='ltr'><strong>prodesse</strong></span> <span class='ocrx_word' id='word_1_346' title='bbox 985 4111 1080 4174; x_wconf 86' lang='lat' dir='ltr'><strong>multis,</strong></span> <span class='ocrx_word' id='word_1_347' title='bbox 1092 4117 1119 4160; x_wconf 90' lang='lat' dir='ltr'><strong>et</strong></span> <span class='ocrx_word' id='word_1_348' title='bbox 1134 4111 1161 4159; x_wconf 89' lang='lat' dir='ltr'><strong>in</strong></span> <span class='ocrx_word' id='word_1_349' title='bbox 1177 4123 1230 4177; x_wconf 85' lang='lat' dir='ltr'><strong>quo</strong></span> 
     </span>
     <span class='ocr_line' id='line_1_41' title="bbox 199 4190 1164 4256; baseline -0.004 -14"><span class='ocrx_word' id='word_1_350' title='bbox 199 4194 286 4256; x_wconf 81' lang='lat' dir='ltr'><strong>Delpir.</strong></span> <span class='ocrx_word' id='word_1_351' title='bbox 299 4200 323 4242; x_wconf 81' lang='lat' dir='ltr'><strong>rt</strong></span> <span class='ocrx_word' id='word_1_352' title='bbox 335 4195 392 4244; x_wconf 85' lang='lat' dir='ltr'><strong>Vur.</strong></span> <span class='ocrx_word' id='word_1_353' title='bbox 406 4197 471 4244; x_wconf 81' lang='lat' dir='ltr'><strong>Clas.</strong></span> <span class='ocrx_word' id='word_1_354' title='bbox 652 4195 731 4242; x_wconf 83' lang='lat' dir='ltr'><strong>Cuiui.</strong></span> <span class='ocrx_word' id='word_1_355' title='bbox 1111 4193 1126 4238; x_wconf 80' lang='lat'>2</span> <span class='ocrx_word' id='word_1_356' title='bbox 1142 4190 1164 4239; x_wconf 89' lang='grc' dir='ltr'><strong><em>Ζ</em></strong></span> 
     </span>
    </p>
   </div>
   <div class='ocr_carea' id='block_1_9' title="bbox 0 0 1398 4694">
    <p class='ocr_par' dir='ltr' id='par_1_11' title="bbox 0 0 1398 4694">
     <span class='ocr_line' id='line_1_42' title="bbox 0 0 1398 4694; baseline 0 0"><span class='ocrx_word' id='word_1_357' title='bbox 0 0 1398 4694; x_wconf 95' lang='lat' dir='ltr'><strong> </strong></span> 
     </span>
    </p>
   </div>
  </div>
 </body>
</html>
