2752 4694
533 320 574 371 ru
599 318 817 371 urrunnun.
1070 388 1079 409 .
1168 308 1235 373 7⁰5

130 463 396 528 relutisdproprirns
411 461 538 513 artificem
550 462 662 527 pertine-
700 459 923 525 deprehendatur3
957 464 986 510 et
1015 460 1232 526 quemadmodum

133 554 162 588 re
173 554 222 588 non
231 540 364 601 viduum
384 539 597 601 rtbnncnssrito,
605 545 662 588 tnn-
701 538 781 602 periti
817 545 896 601 atque
923 538 1049 601 elegantis
1072 539 1166 591 medici
1192 532 1234 590 ert

134 631 210 679 quarn
229 615 471 677 architectonicum,
491 621 520 664 et
541 613 568 664 iu
589 614 663 678 cujac
701 616 805 666 morbae
820 615 914 664 leniter
924 628 954 664 ac
964 616 1080 665 suaviter
1091 615 1235 680 depellere,

132 689 236 740 officina
246 691 352 757 reliqua
364 704 453 742 omuee
465 698 535 739 artes
547 704 578 738 ac
588 689 665 739 disci·
702 691 741 740 its
752 688 894 755 quemlibet
900 689 1049 752 juventutis
1059 689 1234 741 institutore·

134 767 214 829 pliuoe
235 767 277 816 rel
298 767 403 830 penitus
424 767 600 827 excuduntur,
621 765 664 815 vel
704 766 812 816 maxine
834 765 922 828 decet,
945 770 1108 829 quacumque
1129 765 1234 816 tandm

134 845 226 894 calteru
236 846 404 909 explorantur
424 851 452 894 et
469 843 610 908 poliuntur,
619 841 664 891 ed·
705 841 804 890 ntione
815 845 999 904 potestatique
1009 852 1040 887 es
1051 838 1166 901 inprimis
1177 855 1235 905 qua

135 921 222 970 mirari
233 921 327 982 licest;
343 920 484 986 quodcirca
493 933 554 969 rere
564 917 665 968 dictum
705 931 755 966 non
766 917 822 966 sine
833 916 920 981 aliqua
930 915 1065 978 voluptate
1083 911 1161 964 finem
1177 929 1237 964 con·

134 1003 208 1046 est'a
226 997 344 1062 Manilio,
359 1003 367 1028 ‘
380 998 466 1048 Omne
480 1011 562 1060 genus
579 1009 665 1045 reruni
703 995 830 1059 sequitur,
850 992 968 1055 pristina
996 990 1103 1041 unitati
1123 997 1237 1053 aegrotes

134 1072 206 1122 docti
216 1073 335 1122 cecinere
346 1071 450 1136 poiitae.¹
483 1071 535 1120 Sed
546 1071 572 1119 in
588 1069 665 1119 rebus
706 1070 854 1119 restituere.
877 1067 936 1118 Hoc
948 1068 990 1116 rel
1002 1081 1053 1116 una
1063 1066 1235 1128 omniumr

135 1147 295 1210 potissimum
305 1147 399 1195 divinis
410 1160 455 1196 eos
465 1147 576 1210 primurn
587 1144 666 1193 tuisse
706 1160 740 1195 ex
746 1145 862 1194 omnibus
869 1143 1010 1207 praecipue,
1016 1141 1120 1205 poitiers
1126 1140 1238 1192 facultas

135 1228 275 1285 occupatos
293 1223 369 1284 plane
386 1226 499 1281 constet,
514 1220 576 1283 quin
592 1219 667 1281 bnjuo
706 1225 858 1269 cunctorsns
869 1218 1239 1280 eruditorumconseusuprsn·

135 1298 270 1347 facultatis
286 1297 443 1358 inventores,
458 1301 488 1344 ut
503 1294 604 1345 dininas
614 1296 668 1343 lau·
707 1301 779 1344 stare
791 1301 896 1358 potert;
914 1299 944 1342 ut
952 1292 1078 1342 immerito
1088 1307 1103 1341 e
1114 1307 1159 1342 sna
1170 1292 1239 1357 Rep.

136 1373 184 1420 des
196 1372 287 1435 majori
296 1386 353 1420 curn
362 1372 490 1434 dignitate
498 1371 668 1433 celebrarent,
709 1370 827 1420 uideatur
846 1370 924 1419 Plato
940 1368 1032 1432 poetas
1052 1368 1172 1431 ejecireq
1201 1374 1240 1418 at·

136 1446 252 1496 carmine
262 1445 312 1495 sibi
322 1445 506 1508 assurgendum
519 1460 578 1495 esse
589 1445 669 1494 dure·
709 1463 759 1512 qne
770 1449 808 1497 eis
820 1462 886 1512 aqua
896 1452 923 1496 et
935 1446 986 1509 igni
997 1445 1102 1509 penitus
1113 1443 1241 1495 interdix·

140 1529 210 1585 runt,
220 1527 248 1570 et
259 1535 336 1586 quarn
348 1527 454 1584 poscent
464 1519 669 1570 bonorificentis-
708 1523 778 1573 isse:
795 1523 843 1574 nisi
854 1522 1014 1588 quorundam
1023 1520 1198 1573 imbecillitati
1207 1535 1240 1572 eo

138 1599 203 1647 sime
225 1597 378 1661 praeclaram
394 1597 465 1646 illam
486 1603 605 1646 naturam
627 1610 669 1646 re·
709 1604 788 1662 pacto
807 1587 959 1649 succurrere
978 1597 1069 1660 voluit,
1086 1596 1131 1660 qui
1150 1594 1241 1660 potta-

138 1673 226 1722 uetari
245 1672 417 1723 studuerunt:
433 1672 501 1737 qnod
520 1685 572 1721 uon
592 1671 670 1722 aliter
708 1689 768 1724 rum
780 1673 881 1724 fabulas
892 1674 931 1724 ita
948 1671 1123 1736 accipiebant,
1132 1671 1242 1736 perinde

139 1760 169 1796 sc
185 1747 274 1797 fucere
292 1761 370 1811 posse
388 1751 536 1810 sperarunt,
554 1759 632 1809 quan
649 1746 671 1797 ri
710 1767 741 1801 ac
752 1750 965 1806 cineratistoria
976 1749 1139 1809 traderetur;
1154 1762 1242 1814 quent·

141 1823 278 1874 modulatio
293 1822 456 1873 cantionibus
473 1836 561 1872 eornm
580 1821 671 1871 landes
710 1825 847 1876 admodum
876 1824 942 1876 feeit
967 1824 1068 1874 Cberea
1092 1822 1243 1873 suolmam

142 1899 354 1961 pronunciarent,
372 1897 516 1947 ‘Carmine
532 1897 566 1946 Di
584 1897 671 1960 superi
711 1904 779 1968 apud
790 1904 940 1953 Terentium
951 1917 997 1953 suo
1010 1901 1152 1952 inserviens
1169 1901 1242 1952 insti·
1263 1918 1265 1922 ·
1311 1951 1318 1960 „

144 1974 290 2036 placantur,
302 1974 417 2022 carmine
428 1971 536 2022 inanes!
566 1974 603 2021 Et
617 1973 672 2037 qni·
711 1985 768 2028 tuto
778 1995 785 2028 =
795 1979 804 2007 ⁸
814 1979 972 2042 Suspectans
986 1978 1100 2029 tabulam
1112 1975 1241 2041 quandam

143 2048 202 2097 dem
217 2049 348 2098 excellens
364 2053 459 2096 natura
475 2046 615 2096 excellenti
636 2053 674 2095 et·
713 2055 820 2117 pictam,
832 2052 878 2101 ubi
889 2053 975 2103 inerat
990 2052 1096 2114 picture
1106 2053 1179 2101 line:
1197 2049 1244 2101 ἆο-

142 2137 194 2186 que
206 2123 310 2172 insolito
323 2120 445 2185 loquendi
456 2135 551 2184 genere
562 2121 675 2185 cornpel·
714 2143 772 2178 vem
783 2129 842 2179 Quo
853 2134 932 2190 pacto
943 2126 1045 2177 Dans&
1056 2124 1155 2174 misisse
1171 2124 1245 2173 aiunt

144 2198 194 2247 lari
215 2197 305 2246 debet.
348 2197 392 2244 Sic
410 2209 466 2255 not,
482 2209 541 2244 cum
555 2195 588 2243 tid
605 2195 676 2258 pr'tn·
713 2204 845 2268 qnondam
859 2204 887 2252 ip
906 2204 1032 2268 gremium
1049 2202 1156 2252 imbrem
1171 2215 1245 2252 auro.

145 2274 232 2336 cipeur
247 2273 358 2336 aliquem
378 2272 461 2322 viruru
478 2271 677 2335 adimue,uerba
715 2294 775 2341 amq
803 2278 914 2344 Egom
936 2292 1039 2343 quoque
1066 2277 1092 2326 id
1125 2283 1246 2341 apsente

144 2355 175 2397 nt
196 2355 285 2410 gestus
306 2360 460 2409 componere
477 2346 675 2407 conscotinum
714 2355 794 2420 “9¹3
810 2351 1245 2419 atquiaeousimilemluseratsau

144 2437 230 2488 neque
242 2424 421 2472 acuminibus
435 2421 547 2473 sonasse
562 2421 677 2472 abstine·
713 2432 776 2482 011„
790 2431 834 2480 tue
846 2430 944 2494 iudum,
960 2427 1091 2492 inpendio
1100 2428 1181 2491 magia
1191 2427 1246 2478 ani.

146 2515 242 2563 remur,
268 2501 316 2549 niti
342 2500 399 2549 haec
423 2514 510 2550 etrum
538 2499 676 2564 majffittie
713 2521 772 2557 arus
790 2505 919 2570 gaudebat
940 2504 1010 2567 nitu,
1031 2505 1118 2554 Deum
1139 2519 1197 2554 sese
1218 2504 1247 2553 in

144 2578 223 2640 longe
258 2577 355 2639 majora
388 2590 444 2625 esre
480 2575 676 2625 arbitraremur·
714 2581 841 2632 hominem
857 2579 1028 2642 convertisse,
1039 2586 1118 2644 atque
1128 2592 1175 2643 per
1186 2578 1247 2629 alie·

147 2652 308 2716 Quamquam
320 2666 370 2700 non
387 2651 499 2715 alicujus
515 2650 624 2700 hominis
640 2649 678 2699 ln·
712 2672 762 2707 m
775 2657 872 2720 tegulas
891 2656 1002 2706 venisse
1013 2656 1080 2705 clm
1092 2669 1140 2718 per
1154 2655 1247 2720 impla.

147 2735 253 2777 venturu
269 2743 372 2777 carmen
391 2734 420 2777 ct
436 2727 522 2792 poesis
532 2726 617 2776 videri
633 2724 677 2774 de·
717 2734 786 2783 vium
797 2726 992 2782 suoumsacturr
1002 2731 1112 2781 mulieri.
1122 2730 1247 2795 Atqueru

148 2804 203 2864 bet,
211 2804 256 2853 sed
265 2804 588 2868 ipsiusmetLatouaa‚qun
596 2801 678 2851 filium
717 2808 822 2858 Deum?
860 2808 912 2859 Qui
940 2806 1037 2867 templa
1063 2805 1123 2854 euti
1149 2820 1248 2857 sumata
1307 2819 1312 2828 ·

148 2879 295 2943 Apollinem
305 2894 364 2928 cum
374 2880 497 2941 Pythone
505 2876 680 2941 serpenteall·
714 2882 806 2932 sonitu
823 2880 948 2930 concutit.
981 2880 1038 2941 Ego
1052 2880 1187 2930 homuncio
1200 2881 1248 2930 boc

149 2954 251 3018 quando
285 2960 479 3004 concertantem
506 2953 546 3001 luis
575 2951 680 3002 vocibus
717 2954 918 3005 nonfaceremi'
943 2953 1033 3004 Sediu
1048 2955 1118 3002 lruuc
1134 2967 1249 3003 errorem

149 3028 384 3091 fueritcobortute,
396 3024 680 3089 ’iurabstbrurdulb
719 3044 772 3080 nou
789 3029 948 3092 prolabatur,
967 3029 1021 3092 qni,
1037 3026 1105 3091 quod
1122 3034 1164 3077 est
1179 3028 1249 3091 apud

149 3101 229 3153 wudu.
269 3106 328 3156 Quo
349 3104 451 3152 numeri
470 3116 565 3166 genere
585 3101 681 3151 deiude
721 3105 845 3167 Propert.
861 3103 999 3167 ‘Orphea
1011 3110 1038 3151 te
1049 3100 1250 3166 tenuissem,

152 3195 212 3228 usus
233 3179 317 3229 fertur
335 3179 431 3242 Apollo
450 3181 478 3228 in
495 3178 607 3229 onculis
623 3178 681 3228 red-
721 3186 749 3230 et
770 3177 873 3228 concita
893 3177 984 3228 dicunt
1000 3176 1119 3229 Flumine
1132 3178 1250 3229 Threicia

52 3317 56 3323 .
152 3255 253 3304 dendis.
285 3253 323 3302 At
334 3268 396 3304 vero
411 3252 553 3305 formandis
568 3253 682 3304 moribus
721 3255 863 3306 detinuisse
891 3256 965 3319 lysa:
996 3254 1067 3304 Saue
1095 3254 1248 3320 Cytlrerouis

152 3329 342 3393 appositissima
352 3335 395 3378 est
405 3327 499 3391 podria,
508 3335 538 3378 ut
549 3333 612 3391 pote
623 3342 681 3393 quie
719 3330 817 3382 'l'lrebis
827 3330 926 3394 agitata
937 3345 985 3394 per
1000 3336 1084 3380 artem
1095 3331 1194 3394 Sponte
1204 3344 1251 3380 sna
1291 3387 1294 3391 ,

152 3404 297 3452 clanculum
320 3411 453 3466 praecepta
472 3403 547 3455 nobis
564 3403 683 3468 instillet,
721 3405 951 3473 inmurimembre
964 3403 1169 3456 coisseferuntr’
1189 3419 1248 3455 cun

154 3491 263 3541 quorum
285 3478 358 3542 quasi
377 3478 576 3529 amaritudinem
592 3484 622 3530 et
643 3479 683 3529 ia·
722 3482 834 3534 Horatio
848 3482 1073 3547 interpretabitur,
1088 3481 1250 3546 ‘sylvestres

153 3551 321 3616 walliam»
337 3553 359 3602 δί
375 3567 407 3602 0⁸
424 3554 493 3604 nu&
506 3554 581 3613 ”libii
597 3554 684 3605 ῒῐῑόθ·
721 3562 836 3613 bominee
852 3576 926 3612 sacer
936 3561 1115 3625 interpresque
1134 3561 1250 3610 Deorum

155 3638 256 3694 rentur,
269 3629 683 3696 vtxferreposseoos.1uperst
722 3637 844 3689 eatinus
860 3633 1251 3687 otviotufoeuodetermuOs.
1274 3634 1281 3648 ¹

155 3711 210 3761 mili
227 3711 253 3759 iu
265 3725 293 3760 re
310 3709 376 3760 vidit
390 3711 535 3774 Lucretius,
549 3717 628 3778 etque
644 3711 684 3761 id·
723 3714 822 3777 pireus3
847 3712 943 3762 Dictus
957 3712 991 3761 ob
1007 3710 1056 3758 lroc
1067 3709 1149 3757 lenire
1162 3708 1251 3770 tigres,

154 3789 225 3838 circo
246 3787 415 3853 philosophia
437 3795 570 3853 precepta
594 3789 685 3840 carnul-
724 3787 879 3857 rapidosque
902 3788 1005 3837 leones:
1033 3783 1126 3833 Dictus
1144 3789 1173 3832 et
1191 3781 1253 3832 Aru·

157 3877 217 3912 nuru
229 3863 366 3914 dulcedine
383 3877 411 3912 se
425 3864 531 3913 condire
543 3864 610 3914 velle
625 3876 685 3928 pro·
724 3864 813 3928 phion,
823 3862 950 3912 'l'bebannn
961 3859 1081 3911 conditor
1091 3857 1169 3919 arcis,
1179 3857 1250 3906 sna

158 3936 240 3987 fessus
248 3945 298 4003 est,
307 3951 441 3990 nonsecua
450 3954 480 3989 ac
489 3938 584 3988 medici
597 3938 686 3990 fecere
724 3952 828 3988 movere
855 3951 917 3989 sono
945 3932 1092 3995 testudinis,
1119 3938 1147 3982 et
1172 3944 1251 3996 prece

160 4022 357 4078 consueverunt,
378 4015 423 4080 qui
441 4028 541 4064 amares
565 4016 686 4078 potiones
724 4012 818 4062 blanda
829 4014 943 4071 Ducere,
954 4025 1003 4074 quo
1015 4009 1109 4058 vellet:
1126 4007 1177 4058 fou
1191 4008 1249 4058 lraec

160 4088 246 4148 pueris
272 4089 418 4152 praebituri,
437 4090 589 4154 poculorum
613 4089 687 4140 lubre
724 4085 999 4152 sapientiaquoudam‚
1020 4083 1132 4134 Publica
1142 4083 1251 4149 privatio
1279 4150 1282 4156 ζ

160 4161 237 4211 :nelle
248 4163 410 4228 contingunt,
421 4180 453 4216 ne
470 4170 540 4216 teter
549 4165 592 4217 ille
608 4179 687 4231 sapor
724 4158 1252 4226 secernere,sacraproplrruir,Concubitn
1279 4220 1283 4227 .

226 4244 345 4308 neptas
362 4244 421 4296 Ver.
430 4245 495 4297 Clas.
672 4242 752 4294 Cetei.
1130 4243 1147 4289 2
1162 4237 1189 4291 Y
