2752 4694
386 289 388 292 ’
436 318 468 364 o.
493 312 652 363 0100οι0
678 311 856 361 curuum.
1128 299 1193 367 831

95 476 218 537 aliorum
246 495 281 535 er
310 467 484 531 membranis
522 464 656 527 Salmaaii
689 463 867 523 inseruntur.
928 462 1037 526 Paulus
1072 487 1192 550 quoque

98 570 281 632 Columesius
305 567 342 627 ad
369 563 496 643 Gyraldi
525 562 657 638 dialogos
686 558 724 618 de
752 558 852 618 Poetis
880 577 950 640 pag.
980 568 1049 632 507.
1069 566 1191 645 Josephi

96 667 237 746 Scaligeri
252 661 469 724 ohservationes
484 659 513 717 in
526 656 713 735 Pervigilium
727 656 848 716 Veneris
874 665 993 716 nactum
1018 677 1049 717 se
1066 667 1192 724 testatus

95 773 141 821 cst
154 783 191 822 en
215 759 387 840 apographo
400 755 535 816 Sarravii.
578 753 638 814 Sed
659 753 774 813 illarum
786 752 944 814 editionem
958 754 1083 815 acerbus
1096 757 1192 818 eximii

95 857 260 917 viriohitus
285 853 447 931 intercepit.
488 851 572 909 Idem
596 869 713 909 carmen
736 849 924 911 emendatum
947 869 1015 910 cum
1031 853 1193 930 001100010-

89 954 196 1031 jicitnr
223 951 367 1032 poematis
391 953 440 1012 Jo.
469 947 615 1007 Ludovici
644 946 784 1020 Prasohii,
814 947 919 1006 Norib.
940 946 1026 1010 1666.
1051 959 1099 1012 12.
1116 951 1191 1013 Cum

93 1050 304 1111 commentario
319 1047 447 1107 Andreae
462 1044 558 1104 Rivini
573 1043 681 1123 prodiit
704 1043 861 1123 separatim
887 1045 967 1122 Lips.
998 1045 1087 1108 1645.
1116 1056 1145 1107 4.
1164 1057 1194 1108 et

94 1165 161 1207 cum
177 1145 312 1206 Scriverii
322 1153 352 1203 ct
365 1144 488 1202 aliorum
502 1141 577 1201 uotis
589 1160 625 1200 ao
640 1140 738 1200 Rivini
753 1143 964 1202 commentario
979 1144 1076 1222 Hagae
1104 1153 1193 1213 1712.

95 1249 123 1301 8.
152 1241 255 1300 addito
284 1238 431 1317 Cupidine
454 1235 596 1298 crucifixo
623 1235 754 1297 Ausonii.
806 1235 952 1298 Gallicam
979 1239 1191 1317 Metopltrosin

92 1347 237 1396 memorat
250 1339 297 1397 Jo.
320 1335 454 1395 Clericus
466 1335 555 1393 Tora.
573 1343 621 1394 25.
645 1332 721 1393 Bibl.
737 1333 844 1393 Select.
858 1353 889 1411 p.
906 1341 975 1395 225.
998 1334 1191 1412 1110100000-

94 1433 229 1493 tiorNic.
245 1432 387 1510 Stephani
403 1429 578 1501 Sanadonis,
591 1431 622 1488 S.
643 1429 673 1488 J.
684 1447 752 1486 cum
768 1429 857 1500 notis,
868 1430 984 1506 (quales
996 1430 1128 1507 ejusdem
1138 1433 1192 1490 viri

93 1529 175 1589 docti
190 1536 292 1586 extant
305 1528 333 1585 in
348 1526 516 1597 Horatium)
533 1523 626 1583 Paris.
643 1531 730 1590 1728.
754 1523 847 1613 forma
862 1526 983 1599 minore,
1001 1527 1192 1588 ‘traductione

91 1623 179 1683 d'une
199 1624 341 1683 ancienne
363 1622 470 1701 hymue
492 1640 543 1678 sur
569 1620 611 1678 les
633 1619 755 1679 fttesde
770 1622 891 1682 Venus!
911 1623 1020 1680 Latinis
1044 1625 1192 1703 eregioue

92 1718 210 1796 positis.
245 1712 298 1776 ⁴De
320 1715 468 1796 Pervigilii
482 1714 631 1773 vocabulo
646 1734 706 1792 quo
721 1735 840 1775 sacrum
856 1727 1033 1778 nocturnum
1050 1720 1190 1791 innuitur,

91 1815 158 1874 vide
172 1814 337 1872 Petronium
354 1812 514 1872 Burmanni
528 1830 558 1888 p.
576 1820 626 1879 72.
649 1811 766 1870 Addam
780 1821 810 1871 et
825 1815 892 1885 hoc,
909 1815 991 1891 quod
1005 1816 1190 1897 Pervigilium

92 1910 213 1969 Veneris
227 1919 256 1968 et
273 1910 397 1968 Ausonii
410 1907 588 1984 Cupidinem
604 1907 780 1968 crucifixum
793 1909 926 1990 Anglico
941 1913 1113 1972 translatum
1128 1932 1191 1971 cer-

92 2005 169 2064 mine
184 2004 268 2080 dedit
279 2005 410 2063 Thomas
425 2004 571 2063 Stanleius
587 2003 682 2064 Lond.
701 2001 788 2063 1651.

464 2229 829 2252 ..aq-m*

133 2391 359 2466 8000000000
383 2389 558 2454 Editiones
574 2395 610 2452 et
630 2388 809 2453 Versiones
826 2388 947 2454 Catulli
963 2410 984 2454 0
999 2389 1191 2518 Bipontinis

89 2489 275 2555 editoribus
290 2511 354 2556 000
368 2495 612 2554 memorantur:
613 2524 658 2538 -

133 2591 258 2656 Catulli
273 2592 389 2675 Opera
402 2592 508 2674 Lugd.
523 2593 619 2656 1555.

135 2692 336 2758 Callimachi
357 2693 483 2778 poema
497 2695 540 2759 de
556 2693 665 2761 Coma
685 2696 866 2761 Berenices
881 2696 1015 2761 Latinis
1034 2698 1189 2765 versibus

88 2792 339 2959 pggfatullum,
354 2816 432 2861 oum
447 2798 722 2879 castigationibus
733 2799 809 2862 Jos.
825 2798 993 2878 scaligeri.
1020 2798 1096 2864 800.
1110 2799 1191 2864 Ant.

132 2995 258 3058 Catulli
274 2995 387 3078 Opera
400 3000 434 3059 et
447 2995 540 3074 Vita,
555 2997 662 3080 Lugd.
677 2996 775 3061 1689.

133 3097 201 3160 Les
216 3096 357 3162 Polisies
382 3097 424 3162 de
448 3098 581 3164 Catulle
606 3119 648 3162 en
673 3100 748 3164 Lat.
770 3106 807 3163 et
825 3099 996 3180 Fiancais.
1019 3100 1095 3179 800.
1112 3103 1189 3168 Ρο0.

84 3200 184 3265 1653.

132 3301 255 3365 Versio
271 3301 392 3367 Italica
416 3294 437 3366 0
463 3300 645 3366 Parmindo
667 3300 856 3379 Ibichense,
887 3303 921 3365 in
947 3321 1051 3389 opere
1069 3323 1190 3388 magno
1293 3339 1297 3349 ,

88 3404 142 3468 ed.
153 3403 293 3468 Mediol.
309 3423 341 3468 0.
358 3405 456 3471 1751.
483 3402 598 3469 Altera
612 3404 714 3468 etiam
726 3404 835 3468 versio
847 3403 980 3483 Italica,
996 3406 1041 3470 ah
1055 3405 1191 3472 Abbate
1227 3466 1232 3474 „

87 3504 253 3582 Raflhele,
268 3505 363 3570 1775.
379 3511 412 3570 el
426 3506 531 3569 Lihro
545 3504 588 3568 de
604 3504 689 3570 Ceio
704 3503 843 3569 Valerio
859 3504 992 3570 Catullo
1006 3505 1191 3584 Veronese,

86 3606 233 3671 tradotto
259 3627 302 3670 en
326 3608 415 3672 00001
438 3607 573 3671 Italiani
596 3626 617 3671 a
637 3608 802 3671 rinoontro
820 3607 874 3670 del
888 3607 994 3671 Testo
1009 3606 1131 3671 Latino
1146 3608 1191 3672 da

88 3708 189 3789 Luigi
213 3708 395 3792 Subleyras
424 3708 501 3774 nell'
522 3729 610 3774 0000
635 3711 731 3774 1770.
768 3707 922 3772 Seconda
943 3707 1108 3785 edizione,
1134 3709 1190 3773 dai

86 3807 195 3873 torohi
209 3808 243 3872 di
270 3808 425 3874 Mariano
445 3808 497 3873 de’
512 3809 676 3875 Romanis
698 3830 717 3873 0
740 3809 809 3892 figli
833 3829 854 3873 0
874 3828 972 3891 spese
985 3808 1073 3891 degli
1089 3809 1190 3882 Eredi

90 3909 208 3992 Raggi.
232 3909 444 3975 110001812.
465 3909 540 3975 800.
563 3910 685 3975 Versio
699 3912 839 3975 multum
855 3910 1003 3975 laudata.
1047 3909 1189 3976 050000-

86 4012 207 4075 nitutes
219 4008 343 4076 Catulli
356 4009 555 4094 paraphrasi
568 4011 720 4075 vitantur.
1169 4001 1171 4006 ⁴

130 4111 274 4190 Catulle,
290 4113 436 4190 Tibulle,
453 4119 489 4176 et
503 4111 636 4190 Callus,
647 4112 737 4177 1005.
753 4133 796 4177 00
811 4132 922 4196 prose,
938 4112 1067 4178 000010
1083 4119 1187 4189 texte,
