2752 4694
475 345 510 400 c.
536 317 694 400 vatnam
719 339 898 406 6666161.
1168 326 1234 401 881

179 497 257 562 1562
279 502 385 561 Venet.
400 518 468 561 cum
482 519 593 562 comm.
613 503 659 563 M.
683 499 754 562 ont.
780 498 897 560 Mureti
914 497 971 565 6611
992 498 1076 578 signo
1100 487 1181 574 Altli,
1203 498 1235 562 8.
1352 494 1354 498 ’

136 587 244 675 llepet.
257 596 305 658 ed.
324 604 412 658 1558.

181 690 393 762 1566611567
415 693 484 753 Cat.
500 711 568 751 cum
588 693 807 753 commentariis
831 691 955 757 Achillia
980 691 1068 752 Statii
1092 688 1236 764 Lusitani,

136 780 240 848 Venet.
276 787 438 848 insedibus
453 789 636 849 Manutiania
653 787 741 862 1566,
757 799 785 852 8.
820 788 924 851 Tibul.
937 808 1005 851 cum
1018 790 1236 849 commentariis

136 885 261 943 Achillis
275 886 372 957 Statii,
387 889 495 946 Venet.
536 884 1025 957 161166661Μ6661166166661666,
1049 893 1077 946 8.
1119 884 1236 944 tiemo

132 980 232 1040 rabilis
246 982 298 1041 666
313 983 400 1042 valde
413 982 581 1062 infrequens
595 995 640 1044 est
657 983 722 1043 1166
741 982 847 1044 661116.
889 981 1029 1049 1111116616
1053 995 1092 1041 11.
1115 989 1238 1040 secutus

134 1084 181 1135 est
203 1078 327 1151 Statius,
346 1081 495 1139 Muretina
521 1081 704 1141 correctione
727 1079 911 1160 posthabita,
931 1079 1112 1158 scriptorum
1135 1083 1234 1136 autern

134 1169 274 1234 librorum
289 1177 429 1234 varietate
443 1176 581 1254 apposita
596 1184 626 1236 et
639 1175 753 1235 erudita
765 1175 957 1245 annotatione
969 1193 1103 1251 magnam
1114 1173 1235 1233 1666661

135 1268 251 1330 meruit.
293 1271 425 1330 Recusus
438 1279 483 1330 est
496 1271 563 1346 ejus
578 1271 816 1331 Commentarius
829 1270 860 1329 in
873 1271 944 1333 edit.
959 1269 1077 1331 Moreli.
1096 1268 1187 1332 1604.

180 1365 257 1438 1569
277 1374 372 1446 repet.
387 1363 435 1424 66.
451 1366 538 1426 116611.
554 1372 642 1427 1530.
665 1374 693 1427 8.
717 1365 770 1427 666
796 1365 1083 1441 vitiosissimum·
1098 1366 1238 1428 Horatius

132 1460 324 1533 Tuscaneila,
345 1462 397 1540 qui
419 1482 484 1522 earn
511 1463 635 1535 curavit,
656 1463 773 1542 ineptus
798 1463 901 1538 bomo,
922 1464 960 1524 ad
973 1464 1146 1524 rhetoricas
1159 1483 1237 1544 prae·

134 1565 228 1634 cepta
258 1563 363 1635 poetas
392 1557 447 1617 bos
479 1558 588 1637 exegit,
616 1569 647 1620 et
673 1559 772 1620 iudice
800 1558 977 1639 singulorum
1008 1560 1167 1620 verborum
1198 1559 1236 1619 66

134 1653 281 1732 Erptbreei
295 1653 461 1732 exemplum
475 1654 505 1713 in
518 1654 644 1735 Virgilio
656 1655 747 1717 stulte
761 1655 911 1732 iustruxit.
1230 1670 1235 1679 ‘

173 1752 295 1810 —Cat
318 1749 389 1809 Tib.
414 1750 551 1830 Propert.
570 1751 752 1830 Antrerpiae‚
776 1771 813 1812 ex
837 1752 917 1816 olba.
940 1751 1113 1831 christoph.
1137 1750 1237 1814 arant.

138 1855 190 1908 ta.
229 1847 297 1905 Non
324 1866 360 1905 ex
388 1846 490 1907 infimo
518 1867 613 1908 censu
643 1849 707 1909 liaeo
735 1858 783 1909 661
816 1848 919 1922 661116,
947 1848 1039 1909 immo
1062 1866 1131 1922 vero
1162 1849 1240 1910 inter
1337 1853 1341 1862 '

135 1931 354 2022 praestantiores
366 1944 550 2022 superiorum
565 1953 731 2024 temporum
746 1945 910 2023 reserenda.
953 1947 979 2006 E
999 1945 1117 2007 canteri
1139 1966 1241 2006 recen·

134 2040 214 2098 sione
228 2057 292 2098 earn
307 2058 370 2098 6666
384 2039 547 2117 proiectam
562 2050 663 2101 narrat
683 2041 847 2118 Fabricius,
863 2037 944 2121 quod
968 2059 1070 2100 verum
1092 2054 1152 2098 non
1174 2051 1238 2111 este

134 2153 203 2195 nam
231 2134 402 2213 Propertius
430 2144 543 2194 tanturn
572 2136 654 2196 Guil.
683 2123 804 2195 canteri
837 2128 962 2205 Seboliis
991 2144 1039 2196 est
1064 2135 1238 2197 iliustratus.

134 2235 175 2290 At
190 2232 256 2292 Cat.
266 2242 302 2290 et
313 2228 385 2291 Tib.
400 2249 418 2290 a
431 2231 552 2291 Victore
565 2231 696 2292 Gisselio
711 2241 741 2291 et
753 2231 869 2312 Tireod.
889 2231 1052 2293 Pulrnanno
1078 2231 1157 2290 varia
1180 2232 1241 2292 166-

134 2327 214 2388 tione
229 2328 366 2389 instructi
382 2338 461 2402 sunt,
475 2349 543 2407 quae
556 2329 743 2408 potissimum
758 2350 775 2388 e
789 2327 886 2389 Statio
897 2327 1049 2407 descripta
1060 2336 1117 2399 est,
1128 2346 1165 2386 ex
1177 2346 1239 2407 quo

134 2424 234 2496 etiam,
249 2425 385 2505 adeoque
399 2447 436 2486 ex
450 2425 557 2487 Aldina
573 2442 612 2486 11.
627 2443 715 2503 quem
730 2424 870 2485 81611666
883 2423 1018 2487 lectionis
1032 2422 1157 2483 fundum
1173 2443 1238 2485 esse

133 2519 308 2597 ignorabant
322 2523 374 2583 viri
387 2523 481 2595 docti,
493 2541 574 2600 saepe
584 2530 785 2591 correxerunt,
798 2505 902 2599 6611616
915 2529 1068 2580 mutarunt
1079 2519 1238 2581 lectionem
1344 2564 1349 2571 ,

136 2605 256 2688 Mureti,
272 2636 360 2698 quam
375 2615 405 2678 in
419 2616 525 2679 ceteris
540 2625 713 2696 sequuntur.
755 2603 899 2696 subjecto
920 2616 1044 2678 Tibullo
1065 2629 1134 2677 sunt
1158 2617 1240 2679 Galli

134 2713 297 2792 fragmenta
311 2735 380 2774 cum
395 2714 569 2794 praefatione
581 2713 746 2774 Pulmennl.

172 2812 294 2872 -·-Cat.
308 2812 379 2872 Tib.
404 2814 495 2890 Prop.
517 2820 550 2882 Ι61
574 2812 666 2870 Coro.
690 2809 770 2867 Galli
793 2827 884 2886 opere
907 2827 975 2867 cum
999 2806 1096 2867 indice
1121 2809 1238 2868 Horatii

133 2907 332 2968 Tuscaneliae.
356 2908 447 2966 Basil.
461 2928 497 2966 ex
511 2906 590 2966 offic.
613 2903 1239 2982 1166616666161666666861611661661116.

134 3023 237 3063 meuse
251 3003 373 3074 Martio,
387 3008 416 3063 8.

178 3108 252 3167 1571
277 3097 454 3178 Gryphianus
466 3114 530 3158 v11.
547 3105 577 3158 8.

177 3203 254 3266 1573
276 3195 450 3276 Gryphiana
464 3211 545 3254 v111.
563 3204 610 3257 16.

429 3370 541 3434 nnus
556 3375 610 3435 1v.
625 3321 943 3437 sentiebamus.

177 3523 255 3589 1577
276 3521 341 3580 Cat.
355 3520 424 3580 Tib.
440 3520 531 3600 Prop.
542 3539 578 3581 ex
587 3522 755 3584 recensione
770 3521 922 3600 Scaligeri.
964 3514 1092 3582 Accedit
1106 3519 1242 3596 ejusdem

134 3616 360 3694 castigationum
380 3616 464 3676 liber.
487 3618 586 3688 Latet.
606 3618 700 3680 Paris.
724 3640 771 3699 ap.
797 3622 891 3681 Mam.
913 3615 1060 3690 Patisson,
1085 3627 1113 3677 8.
1155 3616 1241 3675 Nove

135 3713 268 3772 lectionis
294 3713 472 3773 Tibullianae
500 3715 686 3776 concinnatio
712 3736 732 3776 6
757 3717 819 3779 Jos.
848 3715 996 3792 Scaligero
1022 3712 1157 3772 instituta
1184 3721 1255 3796 est.

135 3810 292 3886 spreverat
313 3809 371 3884 1116,
395 3810 506 3871 Mureti
533 3811 751 3874 obtrectatione
775 3809 937 3884 adductus,
952 3808 1106 3871 lectionem
1128 3808 1169 3868 ab
1183 3808 1240 3868 boe

135 3905 331 3978 emendatam,
347 3916 377 3966 et
391 3926 450 3965 una
464 3927 533 3966 cum
547 3908 598 3967 1116
621 3908 761 3969 Aldinam
777 3925 816 3970 11.
839 3903 984 3986 rediitque
999 3905 1036 3965 66
1058 3903 1195 3964 Aldinam
1216 3919 1239 3962 1.

134 4022 171 4060 ex
198 4022 258 4079 qua
279 4003 396 4064 reduxit
419 4022 554 4082 inagnum
583 4023 734 4066 numerum
760 4003 927 4064 vitiosarum
950 4013 979 4062 et
1007 4003 1241 4078 importunarum

133 4097 305 4173 lectionum,
322 4121 394 4179 6666
409 4101 517 4178 partim
533 4121 585 4160 suo
601 4119 681 4162 more
696 4101 832 4174 correxit,
848 4099 998 4180 partimin
1019 4105 1161 4158 contentu
1177 4095 1242 4157 reli-
