2752 4694
451 295 491 345 1n
516 295 723 347 curunnun
748 295 868 346 noun.
1136 285 1201 351 687

67 440 71 460 ¹
110 455 143 490 uo
163 447 253 492 tenere
272 437 395 490 tonssmt’
409 438 502 502 virgil.
520 439 576 489 liin.
593 452 636 488 nr.
674 443 702 487 et
723 436 790 487 bibit
811 437 866 500 ipse
888 440 1002 492 merum!
1043 441 1201 493 Glossarium

110 517 255 566 ‘Continuo
272 516 342 564 venti
355 515 460 563 volvunt
471 528 549 578 rnsre,
565 528 636 578 mug-
673 518 748 561 vetur
763 512 911 576 Arabicum,
923 513 991 579 quod
1009 523 1050 566 ost
1065 531 1144 581 penes
1156 518 1202 567 lru·

110 603 194 653 nuque
215 594 323 653 surgunt
340 587 474 651 AEquorsc’
490 587 636 652 etquidem
673 587 843 637 inanissimum
866 595 894 637 et
912 590 1082 642 Orientalium
1103 592 1203 656 lingue·

110 666 143 713 ad
155 667 208 714 liaec
220 665 312 728 virgili
327 664 406 714 verbe
422 664 484 714 nihil
500 665 563 715 uicit
577 665 636 714 Ser·
674 676 730 710 rum
742 661 922 726 peritissimum
940 665 1022 712 uirum
1038 665 1130 714 anc.
1150 667 1202 715 Rs·

43 731 54 751 '
111 740 184 798 vins;
202 741 247 789 sed
259 740 291 790 sd
310 739 372 789 iilud
388 739 445 790 AEn.
457 754 484 789 v.
499 739 577 787 ‘dnm
588 752 637 801 per
674 737 1114 800 phelongium,‘Misceo‚iufundo:'
1125 747 1202 806 utque

110 829 181 864 mare
195 829 313 878 magnum
329 815 433 864 Italiam
451 814 581 879 sequimur
598 812 636 864 fu·
674 811 753 861 itaed
765 812 871 861 verbum
884 813 1041 876 expresserit
1050 813 1122 878 illud,
1132 814 1203 878 ζορό·

111 889 223 950 gieutern
242 898 269 940 et
293 891 418 940 solvimur
433 889 527 952 nudis,'
545 890 637 952 ‘mg-
672 905 739 949 τερον
760 887 785 936 δὲ
804 886 902 952 κέραιρε.
935 889 1018 938 Porro
1039 890 1122 939 salices
1138 905 1203 940 oma-

109 964 635 1029 num'procellosuminterpretatur,quod
673 963 746 1013 riores
764 979 811 1028 pro
829 963 1012 1016 meracioribus
1031 979 1089 1015 curn
1108 965 1204 1015 doctis·

110 1044 195 1087 tamen
208 1041 232 1089 ei
243 1041 302 1090 ioco
318 1041 423 1090 minime
434 1041 571 1101 eonvenit·,
586 1041 636 1089 ite·
673 1041 737 1089 simo
745 1040 877 1106 scaligero
886 1041 994 1106 accipio.
1013 1041 1204 1105 Observoproe·

110 1127 159 1173 que
176 1129 206 1163 ou
223 1115 363 1178 explicatio
383 1116 433 1164 huc
451 1112 636 1164 transferenda.
675 1121 748 1164 teres
767 1122 852 1165 totum
873 1117 984 1166 Carmen
1013 1132 1164 1181 expressum
1188 1130 1204 1168 s

109 1184 277 1249 Virgilianum
299 1202 377 1251 porro
397 1201 497 1238 versum
522 1188 637 1237 imitatus
675 1188 770 1238 Graecn
781 1190 894 1252 Diphili:
912 1192 950 1240 sic
961 1192 1028 1241 euim
1045 1194 1098 1255 ille,
1117 1192 1204 1255 ἔγχεον

108 1268 149 1311 est
160 1260 329 1327 Ausoninsin
341 1264 462 1325 Mosella,
477 1263 638 1326 ‘magnaque
675 1262 706 1311 oi
728 1262 756 1321 δὴ
772 1267 853 1315 τενεῖν.
886 1264 1044 1329 Εὒζορότερον
1058 1265 1169 1332 γενέσθαι,
1185 1266 1204 1317 ὃ

109 1338 346 1402 surguntAEquors,
354 1339 481 1405 vicinique
492 1341 585 1390 timent
595 1340 639 1389 de·
674 1341 763 1400 ταῖδεε,
770 1338 799 1389 τὸ
809 1343 856 1404 γὰρ
863 1339 956 1405 “stupis
967 1339 1028 1391 tuus
1036 1343 1100 1392 soi?
1111 1342 1162 1392 ἔστι
1172 1343 1205 1408 τῇ

108 1427 227 1463 crescere
249 1415 367 1465 montes!
399 1416 535 1479 Expressit
551 1422 638 1466 sutem
674 1415 829 1480 ψοχῇκοκόν.
862 1415 1204 1480 Planetpsissims'estsso·

108 1491 175 1538 haue
196 1486 370 1540 Ausoniuunm
391 1491 545 1541 sententium
571 1491 638 1541 Con·
676 1490 765 1539 tentia.
797 1490 825 1539 Si
843 1492 971 1553 quiscum
989 1492 1203 1543 Brodaeovinurn

108 1565 237 1614 stentinus
257 1565 528 1629 Porphyrogennetes,
539 1566 584 1617 nlii
603 1566 637 1617 de
675 1579 798 1614 annosum
808 1580 839 1616 nc
850 1574 980 1617 uetustate
997 1568 1156 1631 edentulum,
1173 1575 1204 1619 ut
1259 1609 1262 1612 ,

108 1640 173 1688 meri
185 1641 265 1703 AEgeo
275 1640 338 1704 egit,
356 1640 401 1690 Kal
411 1639 503 1702 κύματε
512 1640 638 1705 captust
675 1652 733 1688 cum
749 1639 844 1690 Plauto
860 1641 960 1706 loquor,
977 1643 1122 1705 intelligere
1139 1644 1205 1694 velit

109 1714 185 1776 ὄρεσιν
203 1713 294 1764 ἐοικότα
312 1716 431 1780 ἄνεγεῖρον
447 1718 498 1766 uois
516 1716 637 1770 πλέουσιν.
675 1728 723 1776 per
743 1716 825 1765 culices
843 1718 979 1780 amariores,
999 1717 1062 1766 nihil
1084 1717 1205 1769 obstttbn.¹

109 1790 185 1838 Unde
196 1790 329 1854 aptissime
340 1791 536 1854 doctissimeque
546 1792 637 1842 idver·
675 1788 774 1840 Sedet
796 1794 926 1843 sententis
948 1794 1005 1857 ejus
1025 1793 1205 1846 adminiculari

109 1865 169 1915 bum
179 1866 256 1930 μακρὰ
267 1866 375 1916 Moscho
394 1867 514 1931 apposuit
529 1867 562 1916 B.
574 1868 637 1917 Vnt·
674 1872 761 1928 potest
781 1867 829 1919 lrnc
852 1869 970 1933 exemplo
991 1869 1060 1919 Ptin.
1082 1869 1127 1920 lib.
1146 1883 1204 1921 xrs.

108 1943 208 2004 ennius,
224 1944 290 1993 'm'
302 1942 360 1994 iras
373 1943 453 2010 διχήοῃ
468 1944 637 2008 consistitis,
674 1954 731 2004 cup·
741 1947 766 1992 t.
787 1943 855 2005 quod
871 1944 927 2007 ipse
943 1943 1038 2007 omisit,
1056 1944 1142 1995 ‘Haec
1159 1960 1205 1995 nu·

108 2019 125 2067 t
143 2018 167 2067 tt
181 2017 292 2068 θάλασσα
311 2018 401 2082 κυρτὸν
420 2019 546 2084 troppis„
561 2020 593 2069 τὰ
610 2018 637 2069 tl
674 2021 733 2065 turs
743 2017 809 2067 vinis
825 2017 853 2066 in
870 2025 1000 2069 vetustate
1017 2025 1067 2082 est,
1080 2019 1108 2078 ni
1119 2020 1205 2082 poteri

108 2091 200 2153 κύματα
219 2093 295 2156 μακρὰ
313 2091 409 2156 μεμήνρ.
442 2094 517 2145 erod
537 2108 583 2142 nos
600 2094 638 2144 its
674 2105 721 2154 per
739 2105 767 2141 se
786 2101 891 2158 queunt,
908 2096 956 2144 nisi
976 2096 1110 2159 perviucst
1130 2109 1206 2158 equs,

107 2174 229 2232 putemus
245 2167 339 2217 Latine
357 2167 474 2215 converti
491 2181 581 2228 posse:
602 2168 638 2218 As
675 2179 754 2228 nsque
776 2167 802 2214 iu
825 2168 1022 2218 smsritudinem
1042 2170 1111 2218 curie
1133 2169 1206 2218 iudo·

101 2243 232 2303 fretumut
248 2240 462 2301 intromissorum
478 2242 638 2302 spumantibus
674 2239 754 2289 mitn.¹
788 2240 823 2288 Et
845 2241 913 2302 quod
933 2241 1049 2308 seqnitur
1065 2241 1098 2290 de
1115 2243 1205 2292 εοεέοοε

107 2319 187 2378 sudu,
199 2317 234 2364 Et
244 2312 356 2377 lingum
365 2314 454 2364 insonis
463 2317 638 2380 surreximus·
674 2314 750 2376 edua,
760 2313 809 2364 huc
821 2316 951 2378 pertinet:
970 2322 1053 2367 musta
1069 2317 1136 2368 enim
1153 2333 1207 2369 non

105 2390 266 2454 silusoeqmr.
299 2389 373 2439 Idem
383 2390 517 2439 enimsnut
527 2391 637 2442 Moscho
674 2387 812 2450 inebrient,
821 2395 888 2440 teste
902 2390 1020 2441 Macrob.
1037 2391 1141 2442 Seturu.
1154 2407 1205 2444 νει.
1224 2432 1228 2437 .

106 2463 200 2525 κύματα
217 2463 302 2529 μακρὰ,
319 2465 387 2529 quod
403 2464 509 2528 Virgilio
528 2467 637 2529 ‘magns
674 2475 732 2525 cup.
742 2468 766 2513 t.
783 2465 818 2513 Et
829 2464 891 2514 nihil
904 2465 1015 2514 usturnli
1026 2467 1125 2517 mtioue
1136 2467 1205 2518 ebsi-
1286 2528 1290 2538 ,

109 2541 229 2605 aequnrn'
674 2539 738 2590 etuti
746 2540 827 2604 magis
837 2541 1203 2608 repugnstdulcedlnerqunrl

673 2621 701 2665 et
723 2615 749 2664 in
769 2615 836 2666 libro
858 2613 892 2665 ‹ls
913 2615 1046 2667 mistorum
1069 2616 1205 2670 effectibus

229 2670 380 2721 CARMEN
397 2670 512 2721 XXVH·
673 2690 785 2757 itemque
795 2691 821 2740 iu
832 2691 1005 2743 Problematis
1022 2693 1147 2757 scriptum
1164 2709 1205 2744 re·

141 2768 371 2818 l-Ministercetuli
384 2783 443 2832 puer
454 2769 562 2833 Falsum]
582 2770 635 2821 No·
671 2767 747 2830 liquit
763 2765 926 2818 Aristoteles.
957 2769 1054 2818 Verum
1074 2776 1103 2818 nt
1123 2771 1203 2820 semel

109 2843 214 2892 tondum
226 2844 379 2909 Epithetum
387 2844 494 2904 Falerni,
510 2845 579 2908 quod
595 2859 635 2893 re·
672 2840 812 2902 absolvam,
829 2847 967 2905 utrumqne
978 2855 1026 2905 per
1041 2843 1124 2891 culices
1139 2858 1204 2892 umo-

108 2919 193 2980 peries
218 2919 280 2967 item
307 2917 375 2979 apud
401 2919 515 2967 Murtisl.
545 2917 636 2979 Epigr.
672 2916 754 2974 reru,
775 2923 803 2963 et
823 2929 954 2965 meracum
973 2922 1001 2965 et
1023 2923 1097 2964 vetus
1115 2917 1203 2967 vinnm

109 3005 200 3042 xxvrs.
225 2991 366 3042 ‘candidu
384 2991 530 3054 nigrescunt
547 2991 636 3040 vetulo
672 2990 781 3052 intelligi
803 2989 865 3038 nillil
885 2990 988 3049 obstnt3
1012 2989 1204 3054 longinquitate

108 3068 229 3130 crystalla
250 3067 359 3116 Falerno
369 3065 386 3115 ι’
407 3073 435 3115 et
453 3065 571 3115 Macrob.
590 3065 636 3114 Ss-
673 3065 741 3113 enim
758 3064 883 3125 temporis
901 3064 989 3113 vinum
1005 3064 1131 3113 meracius
1146 3064 1204 3114 fieri

108 3148 177 3190 tnru.
190 3155 241 3190 vn.
261 3155 320 3204 cup.
332 3144 371 3189 12.
390 3139 417 3188 in
436 3139 573 3202 proverbio
591 3139 636 3189 illo
673 3138 741 3187 idem
753 3138 884 3187 Murchius
897 3144 1049 3202 auctorest,
1064 3136 1097 3186 τὸ
1113 3140 1160 3202 γὰρ
1178 3141 1204 3189 ἐν

109 3232 159 3280 quo
177 3218 282 3280 gulones
299 3215 337 3264 uit
356 3214 403 3275 uti,
421 3214 554 3262 ‘Mulsum
568 3212 637 3277 quod
673 3213 735 3274 αὐτῷ
751 3213 861 3262 ὑδατῶδες
872 3212 959 3277 ’χρόνος
974 3212 1103 3276 ἀναλίσκει,
1120 3223 1150 3265 ut
1165 3217 1203 3266 sit

106 3293 190 3357 probe
197 3289 498 3355 temperes,miscendum
506 3303 562 3338 esse
571 3304 636 3340 novo
673 3297 763 3338 unctor
775 3289 951 3352 Geoponicon.
979 3286 1021 3337 Au
1038 3288 1149 3352 priorem
1165 3290 1203 3340 in·

107 3366 247 3430 Hymettiu
257 3371 285 3413 et
297 3364 406 3413 Falerno
418 3362 521 3412 vetulo?
674 3364 887 3427 terpretntionem
895 3364 974 3413 etism
984 3362 1057 3428 fucit,
1068 3366 1136 3430 quod
1146 3364 1203 3416 ittu-

139 3447 155 3490 2
173 3443 247 3502 Inger
257 3442 290 3490 mi
301 3440 384 3489 οοὶίοοε
393 3440 530 3503 amariores]
549 3439 581 3488 In
593 3454 637 3489 re·
673 3438 767 3503 κότερον
781 3454 828 3502 pro
841 3441 967 3493 meracius
978 3443 1095 3504 posuerit
1105 3443 1203 3496 Nicen·

107 3517 157 3568 teri
171 3516 280 3582 quodum
289 3516 388 3567 Codice
399 3521 450 3577 est,
460 3516 587 3579 Miscemi,
597 3519 637 3580 te.
673 3516 729 3577 der,
740 3531 800 3565 cum
811 3523 897 3566 temen
915 3515 1001 3566 ὅλοκὸν
1015 3519 1201 3584 salsuginosnm

107 3609 163 3657 quae
180 3593 260 3643 lectio
272 3606 321 3642 nou
334 3592 409 3654 plene
419 3591 567 3654 objicienda
577 3598 636 3642 est:
673 3597 701 3641 et
712 3606 823 3656 umerum
835 3590 971 3656 significet.

107 3682 140 3718 ne
159 3682 191 3718 ue
208 3667 298 3717 turbet
317 3666 350 3716 sii
371 3680 427 3716 uem
474 3666 524 3716 uod
544 3667 584 3717 hic
603 3667 636 3716 de

106 3684 280 3806 meioagutur
291 3681 438 3793 nnnisistoi
456 3682 546 3792 insce
557 3743 636 3804 enirn,
786 3718 938 3772 CARMEN
955 3718 1090 3772 XXVIII·

107 3818 129 3865 si
148 3817 307 3867 admittimus
326 3816 389 3865 hunc
406 3815 557 3877 lectionem,
574 3817 637 3867 nilsil
704 3817 809 3882 tAptis
824 3819 947 3870 maculis
964 3823 987 3867 et
1004 3815 1132 3879 expellitis]
1159 3816 1214 3874 Sic,

108 3891 175 3940 alind
187 3892 246 3954 erit,
259 3906 335 3957 quum
350 3889 457 3940 infunde
474 3905 520 3941 sen
537 3892 636 3955 ingere.
673 3893 810 3943 Petronius
820 3893 906 3955 Satyr.
931 3893 1043 3955 ‘ltaque
1055 3891 1122 3953 quod
1136 3891 1201 3940 bene

108 3966 223 4017 Martini.
246 3968 320 4018 ‘Hic
341 3966 452 4031 scyphus
473 3973 522 4028 est,
541 3967 636 4030 inquo
673 3969 786 4031 eveniet,
804 3968 927 4033 expedite
947 3963 1104 4016 sarcinulas!
1130 3965 1202 4026 Aptis

108 4040 294 4105 miscerijusrit
305 4042 511 4107 suntsmrgius
520 4041 637 4096 AEsctdss
673 4050 759 4096 nutem
781 4050 822 4095 est
842 4040 989 4095 constrictis
1010 4043 1039 4088 et
1062 4039 1202 4102 colligetis,
