2752 4694
389 344 440 397 sn
464 343 627 396 vnuems
650 322 914 398 arnvrcmruu.
1134 331 1199 399 771

104 490 201 555 quitur,
220 489 287 540 huuc
309 501 371 539 vero
392 488 517 538 minutum
538 487 632 538 anteit.
668 487 796 545 debuisse,
808 488 907 550 πτωχὸς
917 486 1054 552 utrumn
1072 487 1135 551 lapi,
1146 489 1198 540 νόου

103 567 257 630 Quanquam
268 564 337 614 enisu
354 571 450 628 praeter
467 563 528 613 Ald.
540 565 633 614 Manu·
669 560 696 612 tt
704 581 742 623 μοι
754 563 795 612 ola
807 563 840 612 lsi
853 561 945 613 stauos.
971 564 1123 615 Proesertim
1139 581 1199 616 cum

103 639 177 703 tium,
188 639 215 705 (a
224 654 275 705 qno
285 647 313 690 et
324 653 430 704 magnus
443 638 633 689 Rutcrodamne
668 639 737 689 idem
750 639 779 691 C.
791 640 878 689 Bartlr.
891 640 974 690 altero
991 640 1048 691 loco
1064 640 1110 690 lib.
1122 653 1198 692 rusve

104 716 251 782 sevidisse,
267 723 295 766 et
312 716 361 767 Lil.
378 716 460 781 Greg.
477 716 587 780 Gyrald.
605 729 633 765 se
669 729 727 778 cap.
738 719 763 765 i.
780 715 917 765 decedens
932 715 1067 765 Poematln
1079 716 1201 766 haesitan-

104 791 238 856 sudivissc,
264 792 359 844 Catulli
392 795 441 843 lroc
469 793 634 855 Polimatlon,
671 790 1201 855 llorloquatnr,‘AuctorPervlgilliVe·

103 869 172 934 quod
186 885 240 921 van
256 872 423 934 inscribatur,
440 871 529 921 haberi
547 871 634 920 mensi·
669 866 755 930 nerls,’
775 867 900 933 inquiens,
920 869 989 917 ‘uec
1006 867 1133 929 Catullus,
1150 881 1199 918 ucc
1243 920 1253 950 s

102 948 215 1010 nerant)
229 949 285 1013 ipse
302 963 404 1014 quoque
421 949 513 999 Phoebl
534 948 632 999 ocellus
669 941 828 1006 Urblcnrius,
847 942 916 994 torte
938 943 1056 994 Seneca?
1089 942 1200 1007 Amblgo

102 1021 158 1072 Jea.
171 1022 241 1072 Scal.
261 1022 480 1086 castigationibus
496 1024 522 1072 lu
539 1023 635 1074 Catuli.
670 1026 758 1070 tamen
774 1027 802 1070 et
821 1035 871 1085 ego
885 1019 1017 1086 profecto,
1038 1034 1124 1070 annun
1145 1020 1202 1084 ipse

102 1097 212 1150 alterum
232 1099 291 1148 huic
314 1099 502 1162 cognominem,
523 1099 635 1150 Urbica·
670 1095 755 1144 Scrlv.
777 1098 859 1160 magis
881 1096 990 1147 ridicule
1012 1097 1135 1160 ineptlat,
1159 1096 1202 1160 qni

103 1173 169 1223 rium
191 1181 219 1224 et
240 1175 457 1238 Mimographum,
477 1176 634 1225 nominatum
670 1173 846 1238 nescioquem
859 1175 999 1224 luxurium
1012 1175 1204 1225 arrcteremlru·

102 1250 234 1311 Jrsrenali,
256 1258 389 1300 auctorem
416 1249 528 1301 fortasse
555 1250 635 1302 fuisse
666 1246 851 1312 jusPervlgilli
860 1248 973 1312 duxerit,
982 1257 1009 1300 et
1019 1250 1124 1313 dixerit,
1133 1249 1202 1316 quod

102 1327 234 1375 censuerit
244 1325 311 1374 illim
323 1325 444 1376 carminis
455 1339 492 1376 na
503 1340 583 1390 vena,
600 1340 633 1375 ex
672 1324 727 1387 ejus
749 1323 846 1387 aliquot
869 1325 1065 1390 Epigrammata
1094 1325 1205 1376 Poema-

102 1402 215 1466 quolsoc
230 1401 318 1451 citarit
335 1402 456 1451 Erasmus
473 1402 499 1450 ln
516 1400 635 1466 Adagiis,
671 1399 759 1465 tiaque
775 1401 802 1450 in
822 1415 854 1451 eu
870 1402 926 1466 ipso
950 1405 1000 1452 Ms.
1016 1405 1105 1469 (quem
1126 1419 1142 1453 a
1162 1403 1204 1453 cl.

106 1478 164 1529 ‘Sic
186 1477 318 1542 Amyclas,
339 1477 400 1528 dum
423 1478 557 1540 tacebant,
580 1493 637 1543 per·
673 1473 750 1524 Salm.
768 1476 958 1527 commodatum
981 1479 1137 1542 accepisset,
1159 1476 1205 1528 ubi

104 1553 173 1602 didit
192 1553 340 1603 silentium!
363 1553 486 1604 Attamen
498 1561 525 1604 et
543 1554 636 1605 Claud.
673 1556 702 1600 et
712 1550 760 1601 lroc
771 1566 875 1603 carmen
886 1551 1207 1618 adscriptum),eomparu·

104 1629 212 1679 Salmas.
231 1630 264 1680 ad
282 1630 362 1680 sollu.
377 1644 437 1694 pag.
452 1631 510 1680 att.
530 1637 557 1680 et
574 1646 636 1696 pag.
673 1623 763 1676 issent.
796 1627 850 1677 Sed
870 1628 986 1678 eamdem
1007 1629 1081 1693 plane
1101 1644 1205 1679 cansam

105 1709 177 1753 ruer.
195 1705 368 1768 voluiqnulle
387 1707 472 1769 plane,
489 1708 531 1756 vel
545 1709 636 1758 saltem
673 1715 839 1768 erroremque
850 1702 923 1753 fovet
934 1718 992 1754 cum
1008 1704 1047 1768 iis,
1064 1705 1108 1768 qui
1124 1704 1157 1754 ob
1174 1705 1207 1754 sl·

104 1781 187 1830 minus
213 1787 286 1831 recto
310 1781 409 1846 judicio
433 1782 509 1831 tribui
532 1784 636 1834 Catullo
672 1777 759 1828 miiem
770 1779 897 1843 rationem
908 1780 1004 1830 Catulli
1022 1792 1081 1828 cese
1098 1786 1207 1842 putave-

103 1855 152 1905 lmc
163 1856 272 1905 Carmen
284 1856 316 1906 ab
326 1857 443 1920 eruditis,
451 1872 527 1922 quum
536 1857 636 1909 Arrctor
674 1861 739 1907 rant.
772 1856 911 1922 Minusque
923 1856 1015 1922 probat
1028 1855 1097 1905 istud
1110 1855 1204 1913 adhuc,

103 1929 148 1978 ille
159 1931 194 1980 sit
210 1929 301 1981 media
318 1933 415 1992 atatis,
433 1939 460 1982 et
473 1933 561 1983 Selino
575 1948 637 1997 sup·
673 1931 740 1996 quod
752 1932 847 1983 exinde
858 1934 1003 1984 constitisse
1015 1931 1207 1994 tradidit,eum·

104 2005 184 2068 paris,
194 2007 236 2055 vel
247 2006 291 2070 qul
302 2008 438 2069 nonlonge
449 2006 481 2056 ab
491 2021 522 2057 eo
535 2008 637 2059 vixerit.
674 2007 732 2056 dem
741 2009 883 2058 Lsrxurium
895 2009 1053 2072 Carthagine
1062 2007 1208 2071 scripsisse,

105 2080 203 2129 Contra
221 2080 288 2130 idem
304 2082 376 2146 Lips.
395 2083 489 2133 iterum
507 2085 638 2148 elegantia
673 2078 841 2146 floruisseque
857 2083 905 2132 rub
921 2082 1091 2148 Trnaimuudc
1105 2081 1208 2132 Vanda·

105 2155 232 2210 Carminis
243 2154 367 2207 abductos
383 2155 463 2208 fuisse
480 2158 518 2208 ait
528 2155 583 2221 ees,
594 2160 637 2224 qul
674 2156 753 2205 lorum
766 2157 855 2220 Rege:
869 2158 916 2208 sub
926 2172 977 2222 qno
986 2163 1058 2207 certe
1067 2157 1211 2219 Caesarem,

106 2229 237 2280 Catullum
256 2231 312 2295 ejus
332 2232 485 2297 scriptorem
505 2249 563 2284 esse
579 2248 638 2284 cen·
675 2231 858 2297 (insanumque
872 2234 1045 2284 Romanorum
1062 2231 1207 2297 prosapiam

106 2308 227 2370 ruissent,
250 2323 328 2374 quum
350 2309 377 2359 iu
399 2310 508 2374 imperio
528 2310 639 2375 Augusti
675 2322 750 2357 nemo
767 2307 897 2358 laudasset
914 2309 1029 2372 impune,
1047 2309 1085 2358 uti
1104 2309 1208 2375 quidem

104 2388 195 2432 natum
218 2398 233 2433 e
254 2397 328 2434 versu
351 2385 466 2449 ejusdem
487 2386 639 2436 Trocmis.
675 2379 740 2432 fecit
755 2381 1015 2448 Auclcherrlgilii.
1049 2385 1208 2437 Quamsune

105 2465 266 2522 compertum
284 2461 327 2512 cit.
360 2460 410 2511 Cui
428 2461 564 2511 senieniite
578 2474 639 2526 quo·
676 2454 710 2504 ob
730 2469 783 2506 rem
803 2457 963 2509 tolerabilius
981 2459 1024 2509 llle
1043 2460 1116 2510 credi
1135 2467 1209 2524 polu·

106 2549 157 2598 que
173 2536 328 2599 subscripsit
342 2536 521 2586 Tnubmannus
539 2536 571 2586 ad
588 2536 639 2586 Cu·
675 2531 739 2581 isset
750 2546 808 2582 cum
820 2533 945 2584 Salmario
957 2533 1037 2586 fuisae
1050 2536 1151 2599 Florus,
1165 2535 1210 2601 qui

105 2610 150 2662 lic.
175 2612 245 2665 Quin
262 2618 291 2662 et
310 2614 342 2662 P.
360 2613 432 2662 Pitlr.
448 2613 476 2665 J.
489 2614 519 2663 c.
541 2613 640 2677 scribit,
676 2608 723 2658 sub
735 2608 844 2672 imperio
856 2609 983 2661 Hadriani
997 2611 1071 2676 vixit,
1082 2612 1210 2677 cujusque

106 2687 187 2737 bonos
200 2687 255 2737 illus
273 2688 341 2738 vireu
358 2687 483 2745 fefellisse
494 2690 640 2755 exemplar,
676 2684 790 2734 meminit
802 2685 964 2749 Spartianus,
981 2693 1009 2736 ct
1020 2687 1094 2751 cujus
1106 2688 1209 2752 elegan-

106 2762 314 2828 quandoquidam
331 2765 357 2813 in
377 2764 421 2815 illo
438 2779 499 2815 sane
517 2765 640 2815 vetustis·
677 2761 801 2810 tlaalmum
814 2761 882 2812 Hist.
895 2763 969 2812 Rom.
985 2763 1149 2813 Brcrlarium
1166 2762 1210 2811 ia·

106 2839 179 2902 simo,
201 2845 229 2889 et
250 2839 312 2890 fidei
335 2841 434 2902 multoe,
456 2856 489 2891 ex
510 2856 562 2905 quo
582 2841 639 2890 lraec
675 2837 774 2887 bemus.
806 2836 923 2887 Tametsi
936 2842 964 2886 et
980 2837 1209 2901 lruncEpigraplse

107 2916 218 2976 primum
229 2915 302 2965 edita
314 2916 375 2978 siut,
386 2915 437 2966 ills.
448 2929 499 2965 nnn
511 2917 590 2980 longo
602 2916 640 2966 ln·
675 2911 874 2962 Trochalcarum
896 2913 1052 2976 Eclogarum
1080 2912 1155 2979 (quas
1177 2914 1209 2964 ab

107 2990 217 3039 tertullo
237 2990 414 3053 praecessisset
436 2990 640 3054 Epithalamium
677 2988 769 3038 eudem
787 2989 922 3052 Pervigilil
939 2990 1055 3040 Auctore
1075 2989 1209 3054 profectas

107 3064 142 3115 Q.
162 3065 195 3113 V.
217 3064 328 3114 Catulli:
355 3065 430 3129 cujus
453 3081 510 3117 esse
532 3066 577 3117 vix
596 3079 641 3130 ag·
677 3064 747 3127 Lips.
765 3065 855 3114 Barth.
872 3065 944 3115 Pillr.
962 3071 990 3115 et
1007 3065 1050 3114 alil
1067 3073 1128 3116 snut
1144 3065 1210 3115 urlsl-

106 3152 209 3201 uoscas,
224 3138 293 3204 quod
306 3140 441 3206 Pertlgllli
452 3142 528 3205 lrujus
540 3141 640 3193 Auctor
678 3138 752 3201 tratl)
771 3138 889 3190 videatur
905 3139 1044 3191 seduxisse.
1078 3141 1137 3190 Non
1157 3147 1210 3191 tam

107 3216 134 3263 in
157 3216 289 3264 Cesaram
312 3216 419 3280 gratiam
437 3217 572 3275 cecinerit.
605 3217 640 3268 Et
678 3214 1210 3281 Flucs'enlminsigniebunturtitulo,quam

106 3291 154 3342 illa
174 3297 260 3341 tamen
278 3297 386 3341 aetatem
401 3305 511 3354 arguere
525 3291 640 3357 (addidit
678 3291 838 3355 Flosidoram,
856 3306 922 3357 que,
935 3293 973 3343 uti
988 3291 1091 3357 Apuleil
1109 3300 1137 3342 et
1149 3293 1211 3344 allo-

107 3381 210 3433 quoque
221 3366 303 3430 Pith.)
313 3367 437 3430 majorem
446 3367 640 3432 omniuo‚quam
677 3381 734 3416 rum
746 3367 933 3431 Florilegornm
949 3376 1083 3434 excerpta,
1098 3370 1136 3419 ita
1146 3384 1211 3420 nun·

109 3443 179 3507 quud
201 3457 235 3492 ex
256 3443 306 3493 lroc
328 3442 385 3506 ipso
406 3441 531 3492 Poemate
550 3457 639 3493 versus
678 3443 851 3508 cupabantur,
869 3452 948 3508 prout
965 3453 992 3498 et
1004 3448 1109 3498 Lucret.
1128 3447 1161 3497 dc
1173 3461 1211 3506 se,

106 3517 232 3582 quosdam
242 3517 377 3568 sacrificali
385 3531 431 3568 suo
441 3518 556 3568 carmini
565 3535 641 3583 παρφ-
679 3521 687 3548 ⁶
701 3519 831 3570 Floriferla
843 3529 873 3571 ut
884 3537 947 3587 apes
963 3524 989 3574 in
1005 3524 1112 3574 saltibus
1126 3525 1211 3574 omnia

107 3594 180 3653 δήσας
189 3595 408 3660 quusiiuseruerlt
417 3594 566 3659 Fulgentius
575 3593 641 3646 Afer
678 3595 777 3648 libant:
799 3597 894 3648 Omnia
913 3614 960 3649 nos
980 3599 1070 3649 itidem
1093 3598 1213 3663 decerpi·

107 3670 344 3733 mythologice
364 3669 640 3720 Petrusetiamscrir.
680 3686 736 3722 mua
758 3685 838 3722 aurea
865 3673 951 3724 dicta.’
985 3673 1060 3723 Inter
1082 3678 1123 3722 tot
1148 3686 1211 3736 argo

109 3746 141 3796 ad
158 3747 207 3796 lroc
223 3745 391 3808 Pervigilium
413 3745 604 3810 animadvertit,
620 3746 641 3796 sl
680 3763 802 3814 summos,
827 3749 905 3814 inque
933 3764 962 3798 re
989 3746 1105 3800 literaria
1133 3747 1211 3798 facile

110 3821 207 3870 Catulli
219 3835 277 3870 essa
288 3821 338 3871 hnc
351 3822 471 3884 Carmen,
482 3822 640 3872 velSenecaa
679 3825 812 3890 principes
835 3824 902 3875 virus
924 3826 1020 3888 stylum
1042 3822 1210 3886 interponere

109 3895 230 3961 denique,
244 3897 326 3961 (quud
343 3898 377 3948 V.
389 3897 421 3945 N.
441 3898 517 3959 casp.
533 3896 641 3946 Bartlrlc
679 3901 862 3963 decretorium,
873 3900 1024 3964 periculose
1034 3898 1137 3960 plenum
1146 3911 1212 3960 opus

111 3970 221 4023 Advers.
242 3973 289 4021 lib·
311 3987 370 4023 xvr·
392 3987 450 4036 cap.
472 3977 496 4023 ⁶·
525 3972 594 4022 unde
614 3979 642 4029 et
680 3978 753 4041 alea,
780 3991 838 4027 cum
865 3973 977 4024 Waltslo
1004 3972 1212 4036 prosterneremus,

109 4047 235 4096 Weitaius
246 4049 347 4111 citavit,
357 4055 403 4098 aut
414 4048 526 4111 cuipiam
537 4046 642 4098 librario
680 4052 688 4080 ‘
701 4053 761 4103 Non
774 4060 890 4102 nostrum
901 4050 970 4099 inter
984 4062 1031 4098 nos
1048 4053 1132 4096 tantus
1143 4061 1213 4098 cem-

108 4121 136 4169 ln
157 4129 268 4172 mentem
292 4124 426 4188 venisset)
451 4124 641 4174 existimaturos
680 4142 778 4192 ponere
804 4124 881 4176 liles.’
915 4125 1022 4174 Maneat
1051 4138 1114 4186 ergo
1137 4123 1211 4176 Anti·

109 4203 189 4263 esset,
201 4205 254 4252 tum
267 4200 348 4266 ipsum
365 4199 398 4250 de
415 4214 442 4250 se
456 4213 515 4251 rere
527 4205 641 4252 statuere
679 4217 756 4268 quum
768 4216 839 4265 eane,
849 4201 895 4253 sed
907 4199 1003 4260 lituum
