2752 4694
171 321 236 387 758
523 337 629 384 norm
653 335 852 386 ιιιιιοιιιιιι
878 335 917 384 ιιι

171 488 199 530 et
210 479 304 529 ovidio
315 481 381 530 Met.
392 495 430 530 vr.
448 480 612 530 ‘Barbarus’
631 481 697 530 iudi·
737 481 813 530 datur
823 481 921 530 unimus
931 480 958 529 in
974 479 1090 529 laetitiam
1102 486 1130 530 et
1146 480 1267 532 sensibus

170 557 277 620 giratur.
298 557 381 605 Weitz.
698 575 707 602 -ῑ
737 557 804 619 imis,
814 571 928 620 voceque
947 571 977 606 ac
994 563 1069 620 gestu
1087 558 1204 606 eamdem
1220 573 1268 606 ex-

202 637 235 683 89
252 631 570 694 anadncercerritmeam]
590 632 696 696 Signum
737 633 832 696 piicem
862 639 940 697 atque
967 634 1135 696 expromam?
1169 634 1202 684 V.
1228 634 1266 685 N.

169 720 257 773 prore
270 707 380 770 signata.
403 707 488 757 ‘Ver'
500 709 574 772 ponit
584 710 697 773 pruipsa
736 708 810 760 idern.

167 785 308 846 hilaritate,
318 783 352 832 ed
362 798 438 848 qrram
455 784 566 834 inritant
576 784 696 835 florentia
768 791 800 835 9⁰
818 787 916 842 Quando
931 785 979 848 flet
996 790 1059 834 marta
1076 784 1193 853 cbelidan]
1221 742 1267 835 Ita

169 861 246 912 Veris
256 868 380 924 tempora
412 860 464 910 Am
475 863 567 912 Horat
579 877 599 911 ι.
611 863 695 912 ΟΜ
736 861 885 924 legendum,
897 874 943 922 pro
956 859 1037 919 facin
1052 860 1208 923 quudmetri
1225 875 1267 908 ra-

169 937 241 989 Q.d.
273 937 384 989 Quando
395 937 439 986 iile
449 938 551 987 tandem
564 938 698 988 illucescet
737 938 775 987 tio
791 953 842 986 non
863 938 986 986 admittit.
1023 938 1181 986 Hirundines
1202 944 1268 987 tem·

169 1015 230 1065 mibi
243 1015 307 1079 dies,
318 1021 357 1078 ut,
374 1022 481 1065 veterno
496 1030 606 1065 excusso
619 1014 698 1064 effnn·
737 1029 800 1079 pare
810 1014 1111 1066 bibemocouticescunt.
1128 1015 1204 1066 idem.

568 1301 867 1310 ψ

567 1311 872 1335 m

545 1537 879 1654 NOTAE

334 1793 624 1869 SALMASII
665 1797 743 1871 ET
781 1792 1095 1870 SCRIVERII

695 2010 741 2060 IN

208 2209 784 2325 -Pmuvrulurum
834 2209 1211 2300 VENERIS.

200 2694 216 2738 2
237 2688 435 2749 Vernomm,ver
446 2688 500 2748 jam
516 2703 632 2752 cancrum,
643 2705 697 2739 cere
736 2704 769 2739 ιιο
787 2690 939 2740 commixtus
956 2704 1065 2754 corpere
1086 2690 1181 2740 foetus!
1222 2691 1266 2742 De

167 2769 237 2815 natur
254 2762 374 2826 arbitret]
392 2763 458 2812 Haec
477 2764 622 2814 iectiumla
636 2767 697 2814 mihi
736 2784 796 2832 quo,
818 2767 850 2816 ad
871 2769 966 2816 iocum.
1000 2767 1106 2817 Videbis
1129 2774 1214 2816 tamen
1237 2770 1264 2816 in

168 2856 231 2891 vera
250 2841 362 2890 videtur.
396 2842 498 2904 Nempe
518 2841 615 2892 Orbem
635 2858 696 2892 vere
736 2858 792 2893 meo
804 2842 901 2891 Codice
914 2843 977 2906 legi.
990 2842 1049 2892 Vere
1059 2844 1208 2892 natm-roais
1219 2850 1264 2894 ert.

167 2915 419 2967 natumfuissevult.
445 2918 697 2968 HochausiteVir·
736 2919 812 2971 Quod
833 2918 958 2966 neminem
981 2917 1074 2966 morari
1094 2917 1182 2967 debet.
1222 2920 1264 2967 Ex

168 2992 212 3056 gii.
223 2992 319 3054 Georg.
332 3005 362 3043 11.
374 2996 430 3040 8³6.
446 2992 522 3042 ‘Non
535 2994 598 3042 eiius
614 2995 696 3056 prima
736 2995 829 3043 vitioso
852 2994 918 3042 euim
947 2992 1078 3042 scribendi
1104 2993 1179 3041 modo
1207 2994 1264 3042 baec

166 3066 306 3118 crescentis
333 3067 433 3130 origiue
462 3067 550 3116 mundi
577 3069 696 3117 illuxisse
736 3068 1099 3130 mendanataest,0rcisest,
1116 3070 1266 3131 exquodo·

166 3143 231 3206 dies,
243 3143 352 3192 aliumve
367 3143 486 3192 babuisse
504 3151 620 3194 tenorem
633 3144 695 3194 Cre·
735 3143 872 3193 nisfecere.
907 3144 949 3192 Ne
958 3144 1014 3207 quis
1023 3143 1123 3192 laboret
1134 3144 1266 3207 inquirere

166 3218 293 3268 diderim:
310 3219 365 3265 Ver
373 3218 437 3266 iilud
445 3224 515 3279 erat;
525 3219 580 3268 Ver
588 3234 694 3282 maguus
734 3220 761 3268 in
772 3220 893 3282 Fabatus,
903 3227 945 3268 'au
961 3220 1084 3284 anpiter
1101 3234 1181 3269 verno
1201 3228 1264 3270 tem·

167 3295 262 3358 agebat
276 3293 364 3355 Orbis,
375 3301 402 3342 et
418 3295 532 3344 hibernis
552 3296 694 3358 parcebant
735 3296 931 3360 porenamssit.
949 3295 1023 3346 Saim.

164 3369 268 3419 flatibus
286 3370 366 3417 Euri:
392 3370 457 3419 Cum
479 3371 597 3432 primum
608 3371 694 3420 lucem
771 3372 818 3421 Ver
836 3386 930 3429 novum,
952 3372 1055 3430 ceriam
1071 3387 1190 3434 canorum,
1210 3388 1264 3422 cere

166 3445 281 3509 pecudes
302 3445 420 3508 hausere,
443 3446 575 3509 vinumque
597 3446 694 3496 Ferrea
733 3451 804 3524 patna
820 3446 938 3509 arbisest]
962 3445 1006 3494 Ita
1021 3447 1097 3510 vulgo
1115 3461 1148 3496 ex
1164 3449 1266 3512 conjec-

166 3520 302 3584 progenies
319 3518 391 3570 duris
408 3527 488 3584 caput
504 3520 597 3569 extulit
608 3522 694 3571 arvis
736 3530 794 3572 tura
815 3523 847 3572 P.
868 3522 971 3572 Pitboei.
1015 3523 1072 3570 Nec
1099 3522 1176 3572 aliter
1199 3523 1266 3573 citat

165 3596 309 3646 Exeodem
326 3602 398 3646 certe
417 3597 474 3646 loco
489 3596 569 3645 etiam
584 3599 695 3661 sumpsit
736 3598 837 3661 Lipsius
856 3597 1029 3661 Physiologiae
1045 3597 1156 3657 Stoicae,
1175 3598 1221 3647 iib.
1232 3612 1266 3647 rr.

165 3675 469 3740 ιιιιιιἰιιΐιιιιεςιιιιιιιι,ί
481 3675 606 3725 Insiuum
618 3677 695 3725 muri·
735 3677 831 3737 cape.
851 3673 894 3721 ubi
914 3673 1035 3721 mnndum
1052 3687 1113 3721 vere
1130 3676 1267 3722 natumvi-

164 3760 207 3802 tus
218 3752 300 3801 imber
311 3750 387 3801 fluxit
395 3752 470 3799 aimae
481 3751 607 3814 conjugis,
617 3751 694 3800 Unde
735 3749 790 3798 deri
802 3748 943 3797 adseritur:
964 3748 1113 3797 auctoribus
1122 3749 1215 3811 virgil.
1226 3750 1264 3799 D.

164 3826 438 3876 foetusmixtusomues
448 3825 530 3873 aieret
539 3840 632 3889 magna
640 3840 694 3874 cor·
720 3822 854 3872 'Ambruu
865 3823 1035 3884 Damascene,
1051 3829 1079 3871 et
1092 3823 1266 3886 Panegyristc

164 3906 248 3966 'pore'
267 3902 310 3952 Sic
322 3903 390 3951 euim
401 3899 497 3948 ibidem
506 3901 641 3964 Virgilius,
650 3902 693 3952 ubi
736 3899 768 3948 ad
782 3898 889 3948 Maxim.
919 3899 1017 3948 Tamen
1028 3898 1055 3945 in
1067 3898 1167 3947 Eiectis
1178 3897 1264 3947 eidem

164 3978 356 4028 cecinitorbem
361 3977 429 4024 Vere
439 3984 525 4025 natum
534 3991 602 4038 esse,
612 3979 620 4005 ‘
629 3978 692 4027 'l'um
735 3975 843 4039 placuit,
854 3989 895 4024 ver
912 3978 1006 4022 renatas
1016 3972 1080 4020 orbis
1089 3977 1133 4020 eat.
1166 3972 1265 4036 Vulga-

164 4054 414 4116 pateromnipotens
433 4052 550 4102 fecundis
569 4052 693 4102 imbribus
734 4058 785 4100 tam
799 4049 893 4113 probat
905 4049 982 4097 Saim.
1010 4044 1090 4109 ijus
1107 4047 1264 4098 membranae

163 4131 253 4180 AEtber
275 4132 398 4194 conjugis
420 4131 446 4179 in
473 4130 597 4193 gremium
625 4130 692 4179 taetae
734 4127 859 4188 scribunt,
880 4124 939 4173 Vere
957 4127 1026 4170 natus
1048 4123 1116 4170 doris
1135 4127 1184 4170 eat:
1208 4131 1263 4185 aut,

89 4194 91 4199 ¹
165 4204 308 4266 descendit,
319 4214 438 4255 etumues
447 4206 557 4268 Magnus
566 4205 613 4255 aiit
624 4220 693 4268 mag·
733 4202 805 4250 norb.
827 4198 897 4252 Quid
907 4197 947 4249 si?
968 4197 1015 4246 Ver
1025 4203 1122 4247 tenatur
1131 4213 1209 4248 antur
1219 4203 1262 4249 eat·
