2752 4694
130 304 198 371 698
535 322 623 372 rans
648 323 778 401 nouam¹
802 325 831 403 a.

134 476 204 526 cere,
222 466 324 527 partem
336 467 429 513 statum
441 461 561 526 abscidit,
580 470 609 514 et
627 465 666 515 sio
702 481 770 527 esse,
787 466 889 517 restitui
909 467 981 531 regio
1001 466 1083 532 capiti
1100 467 1169 517 velle
1189 482 1233 517 co·

133 546 224 602 postea
240 539 326 587 Solem
339 544 450 597 tautum,
462 551 513 586 uon
524 539 604 588 etism
614 541 671 590 lle-⁴
701 556 779 605 marn,
796 551 824 592 et
841 544 963 592 mandare
980 543 1072 594 Orioni
1092 549 1163 593 astro
1183 542 1234 593 ful·

133 629 192 677 gem
210 612 355 663 salutabat:
373 612 441 661 unda
460 612 566 662 dimidio
581 616 665 664 Meua·
702 618 860 679 lentissimo,
881 626 911 667 ut
932 632 979 682 pro
999 632 1027 667 se
1049 620 1137 668 lucere
1160 619 1235 681 velit,

133 703 201 739 noue
212 687 298 738 dixit!
330 686 372 737 Aa
385 688 450 736 hanc
460 687 528 736 Solis
547 688 600 737 sive
612 688 665 738 Au·
701 693 829 743 assentior
843 694 960 758 Priaripi
978 694 1087 744 critico.
1107 695 1170 744 <Coi
1187 709 1234 744 au-

133 779 198 815 rorae
209 763 389 814 salutationem
399 763 514 825 respexit
522 763 665 827 Dionysius
702 772 787 819 chorae
806 770 908 821 interea
928 785 1020 819 narem
1040 771 1235 820 commendabi-

132 838 663 905 Periegesiyaosayryorirslliororirrla·
702 860 759 895 mus
774 852 899 906 nostram,
914 860 948 894 ue
966 846 1042 895 nimis
1059 843 1171 896 fluctuet
1189 860 1240 895 exv

131 927 222 969 norror
238 913 486 980 ἑὴνᾶσνᾶζιταιᾞὸ.
520 917 552 966 Iu
570 918 664 982 quibus
702 921 869 985 plicatiouum
887 922 950 984 salo,
966 921 1050 971 donee
1067 921 1151 985 plenis
1170 922 1235 971 selis

132 1009 219 1059 operae
230 993 342 1059 pretium
352 999 393 1042 est
404 999 501 1057 praeter
512 993 594 1043 multa
605 1008 664 1058 quoe
701 996 851 1045 invehamur
862 996 888 1044 in
899 1003 1001 1059 portum
1013 1008 1083 1046 verae
1094 996 1234 1058 lectionis3

131 1070 259 1120 hacteuus
272 1068 414 1128 latuerunt,
430 1066 596 1117 considerare
615 1069 665 1117 dis·¹
702 1070 809 1133 vulgata
819 1071 890 1120 enim
900 1071 944 1136 qui
955 1078 1075 1121 constare
1087 1071 1171 1135 possit
1180 1086 1233 1121 nou

133 1144 279 1194 sensionem
288 1147 424 1192 auctorum
435 1142 504 1193 inter
516 1158 544 1193 se
562 1150 590 1194 et
604 1159 664 1195 cou-
701 1145 788 1206 rideo,
802 1160 878 1210 quum
888 1155 978 1211 aperta
993 1145 1085 1196 falsum
1097 1146 1130 1196 air
1145 1147 1236 1211 prosd-¹

132 1218 211 1269 ferre.
702 1236 771 1272 muru
788 1224 823 1283 roi
840 1221 955 1286 Ὑδροχόφ
970 1223 1024 1273 slve
1040 1222 1157 1287 Aquario
1175 1236 1234 1272 esse

165 1295 531 1355 wPlomdisfestislmninilos
540 1296 664 1359 Venerem]
703 1297 834 1348 Orionem.
867 1299 898 1346 In
910 1297 1063 1362 quibusdam
1075 1289 1234 1347 editionibus

133 1371 220 1420 Etiam
237 1370 280 1419 hic
291 1369 414 1434 loquendi
426 1370 516 1419 modus
527 1372 619 1422 ductus
631 1387 665 1422 ex
702 1372 741 1423 ita
761 1373 907 1437 coneipitur
924 1373 966 1421 hio
986 1387 1085 1435 versos,
1101 1373 1234 1422 Proximam

133 1444 238 1505 officina
249 1445 411 1506 Graecorum,
421 1452 453 1495 ut
468 1447 536 1496 euim
547 1448 590 1497 lric
606 1449 614 1476 ‘
628 1449 665 1496 lu·
702 1449 818 1498 Arctum
826 1448 923 1510 fulgeat
934 1448 1048 1509 Erigone.
1080 1449 1121 1496 Ex
1134 1461 1185 1511 quo
1197 1447 1235 1496 ri·

83 1575 85 1578 ,
134 1519 219 1570 minu’
234 1519 272 1568 sic
284 1525 312 1568 et
330 1519 368 1568 illi
386 1518 449 1582 φάεα
460 1535 507 1584 pro
519 1521 611 1571 diebus
623 1537 666 1573 ac·
701 1523 808 1573 deamus
820 1538 853 1572 au
863 1523 961 1587 aliquid
973 1522 1034 1572 boni
1042 1522 1177 1585 exsculpi;
1187 1528 1234 1583 -et,

134 1595 245 1659 cipiunt.
264 1594 341 1648 Quod
351 1596 371 1645 si
381 1597 508 1646 antestari
520 1597 611 1660 libeat,
620 1613 666 1663 op·
701 1608 731 1648 ut
742 1615 775 1649 ex
785 1599 901 1663 lapidum
920 1595 1044 1648 conflictu
1063 1597 1179 1661 tritoque
1194 1597 1234 1661 ig·

134 1675 215 1738 poue't
233 1673 373 1723 auriculam
393 1674 574 1738 Callimipae,
587 1689 666 1740 quem
702 1676 751 1737 uis,
774 1676 812 1724 aic
833 1689 849 1723 e
871 1673 1026 1724 lectionibus
1054 1672 1151 1722 collisis
1174 1669 1234 1721 ellci

134 1763 185 1798 nou
197 1750 249 1799 alia
260 1749 416 1799 voeeetiam
434 1750 478 1799 lrie
497 1765 571 1799 usum
583 1751 666 1814 suspi-
702 1752 800 1802 veritas
821 1751 914 1815 possit,
924 1764 1001 1814 quam
1022 1748 1120 1813 primus
1142 1746 1233 1796 videor

134 1838 194 1874 cor:
220 1825 257 1874 sic
283 1824 352 1873 euim
374 1824 488 1887 loquitur
510 1825 617 1886 Hymuo
638 1825 665 1873 in
702 1828 811 1890 eruisse,
828 1827 968 1890 Erigonem
989 1825 1128 1889 fugitivam
1151 1830 1234 1873 retra·

133 1899 245 1948 Dianam
256 1915 263 1947 ι
274 1897 338 1948 ἀλλὰ
346 1900 427 1956 θεῆιιιι
435 1898 521 1963 Alopes
529 1899 666 1963 ἐπιστήσαι,
701 1903 786 1951 lreudo
799 1918 814 1951 a
825 1901 907 1976 canda
918 1915 1006 1950 versus
1021 1901 1047 1948 iu
1065 1899 1187 1962 medium,
1203 1906 1240 1949 et·

133 1972 165 2027 ri
184 1971 290 2037 δὲ’φᾰιιι
303 1971 458 2034 aurivomos:
480 1976 543 2024 item
561 1976 666 2038 Hymno
702 1977 808 2026 minima
817 1977 963 2025 mutatione
974 1976 1000 2024 in
1011 1974 1153 2024 Eridanum
1173 1988 1234 2024 eon·

133 2051 159 2100 in
172 2050 306 2114 Cererem,
322 2050 474 2114 Ἐρυσίχθονα
490 2052 511 2099 δ’
527 2052 606 2111 ἤλασε
624 2050 665 2102 rai·
702 2052 838 2115 vertendo,
851 2058 880 2100 ut
892 2050 1050 2100 rescribatur
1061 2055 1130 2098 totus
1142 2062 1235 2098 versus

133 2129 320 2194 rposnloaoosr’
331 2129 485 2192 reduxerant
496 2130 517 2179 δ’
528 2130 596 2181 ἐννέα
603 2130 666 2192 φάεα
700 2129 751 2178 hoc
766 2129 853 2187 ruodo,
868 2127 998 2176 Proximus
1015 2125 1124 2174 Eridano
1135 2123 1234 2186 fulgeat

133 2207 218 2257 rainu.
261 2208 293 2256 Iu
315 2206 408 2256 eadem'
430 2207 535 2257 notione
556 2209 666 2257 sumitur
704 2205 802 2254 Oarion.
835 2203 963 2252 Eridanus
982 2208 1068 2250 autem
1083 2201 1121 2250 ita
1143 2201 1233 2262 proxi·

133 2282 184 2332 hoo
207 2282 313 2333 verbnm
333 2282 403 2345 apud
425 2282 536 2331 quiunr
559 2283 666 2345 Medea,
702 2295 757 2330 mua
777 2279 870 2328 Orioni
890 2285 938 2341 est,
954 2285 984 2326 ut
1001 2275 1107 2337 ποταμὸς
1123 2276 1239 2339 ’nebron

133 2357 179 2406 ‘Si
188 2364 215 2407 te
226 2356 340 2406 secundo
350 2356 496 2407 inmiuelric
506 2356 640 2408 offendero
648 2358 665 2408 :’
701 2363 810 2406 vocetur
832 2355 927 2404 Proolo
955 2353 1073 2417 aliisque,
1096 2353 1201 2414 rororis
1221 2354 1235 2400 d

134 2433 277 2497 respondet
296 2435 364 2482 euim
387 2435 431 2483 ille
456 2435 545 2498 Eurip.
561 2435 592 2484 El
607 2436 631 2483 ι’
649 2435 665 2494 ἡ
701 2429 748 2479 iro
757 2431 801 2479 τοῦ
810 2429 917 2492 Ὠρίωνος
929 2429 1040 2478 Gemino
1055 2430 1082 2477 in
1094 2428 1234 2493 Apparen-

134 2505 227 2559 ’ποῦσα
237 2508 333 2568 λαμπὰς
343 2508 424 2571 &aar
434 2510 495 2559 θεοῦ.
701 2506 744 2555 tiis
760 2505 925 2554 caelestibus.
958 2506 998 2553 De
1017 2519 1049 2554 eo
1067 2505 1104 2554 ita
1122 2503 1237 2565 Aratus,-

701 2578 808 2644 Οἴονγὸρ
816 2581 908 2629 κάκεῖνο
919 2582 976 2630 θεῶν
986 2578 1031 2628 orl
1041 2578 1115 2628 rocol
1124 2581 1233 2642 φορεῖται

305 2633 427 2686 CAPUT
444 2637 495 2687 ῙΧ·
700 2656 812 2719 Δείψανον
823 2658 951 2719 Ἠριδανοῖο
966 2654 1148 2705 sonorissimo
1158 2673 1236 2704 ποτα·
1315 2659 1316 2662 ’

135 2732 233 2784 Catulli
244 2734 326 2797 locus,
339 2734 420 2798 quiin
433 2733 527 2784 mendo
537 2735 664 2784 hactenus
700 2734 760 2792 μιῖο·
778 2732 823 2780 Kal
829 2731 859 2780 τὸ
868 2732 912 2793 μὲν
919 2732 1024 2796 Ὠρίωνος
1032 2730 1077 2780 ὑπὸ
1083 2730 1164 2780 σκαιὸν
1170 2729 1234 2779 πόδα

165 2810 303 2872 erubuerat,
321 2825 389 2860 nuuc
400 2811 522 2874 primum,
538 2817 568 2860 ut
579 2825 668 2874 spero,
689 2808 781 2861 ,τεινειι
800 2816 828 2859 et
846 2809 902 2858 Cic.
925 2823 958 2858 ex
977 2809 1078 2871 eodem,
1093 2808 1240 2872 ‘Namque‘-

167 2893 331 2951 persauatus.
368 2888 376 2914 ⁴
403 2887 530 2936 Eridanus
566 2887 665 2935 omnisn’
702 2886 781 2934 etiam
793 2883 935 2934 Eridanum
946 2898 1037 2934 cernes
1055 2885 1082 2933 in
1102 2889 1178 2947 parts
1196 2884 1234 2932 lo·

167 2961 310 3011 ‘Bootem'
325 2962 519 3025 pro‘Orione3'
534 2962 667 3011 et‘0rio·
702 2965 789 3009 catum
812 2959 877 3009 Caeli
898 2957 1030 3008 lirnestum
1051 2958 1150 3022 maguis
1173 2971 1239 3008 curu·

165 3037 365 3087 nem’ricissim
385 3053 433 3102 pro
452 3036 573 3088 ‘Boote’
592 3038 673 3087 sumi·
703 3035 800 3084 viribus
829 3048 940 3096 amnem,
977 3034 1062 3085 Quem
1093 3033 1235 3096 lachrymis

167 3113 512 3165 Germanicusemendatus.
539 3112 608 3162 Inibi
618 3128 666 3177 per
702 3116 800 3159 moestoe
823 3109 994 3159 Phaethontis
1027 3123 1099 3172 saepe
1128 3122 1249 3182 sorores(

167 3190 333 3239 occasionem
356 3190 407 3238 alia
429 3189 547 3254 quaedam
577 3189 610 3238 de
631 3188 667 3237 0·
701 3188 868 3249 sparserunt,
884 3186 965 3233 letum
984 3184 1235 3234 moereutivoceca·

165 3264 248 3314 rione.
408 3295 410 3298 >
655 3288 657 3292 ·
701 3267 800 3310 nentes.
832 3260 910 3309 Hauc
922 3258 1027 3307 Orionis
1038 3258 1087 3306 snb
1097 3259 1164 3307 laeva
1176 3273 1235 3308 cer-

166 3338 354 3389 Paavanrnus
374 3339 479 3388 laudem
499 3338 532 3388 ad
549 3354 609 3389 euru
628 3341 666 3390 lo·
701 3349 764 3385 uere
776 3336 1027 3400 plauraSerpentem
1039 3332 1155 3397 potesis!
1187 3333 1240 3382 vi-

57 3422 62 3431 ‘
134 3417 322 3481 eum,quijam
334 3415 394 3465 inde
405 3431 421 3465 a
432 3416 670 3467 Politiauisaecnlo·
701 3411 792 3465 demus
806 3410 861 3474 111111
884 3408 953 3473 qumi
972 3408 1006 3457 td
1022 3415 1150 3466 8111011111]
1170 3407 1236 3458 θέσιν

134 3491 367 3554 multosexercun,
376 3492 470 3540 munos
480 3499 667 3556 pugnacesque
702 3488 806 3550 attinet,
822 3499 898 3550 quom
917 3484 1051 3535 commodo
1071 3484 1163 3534 Orioni
1179 3485 1235 3534 ad·

135 3565 202 3616 adeo
213 3566 352 3630 tragoedias
364 3566 500 3616 excitarit.
517 3567 544 3615 Is
556 3573 597 3616 est
605 3582 666 3617 cou·
696 3562 821 3625 jungatur
837 3561 878 3609 ilie
890 3560 979 3609 amuis·
1013 3561 1049 3608 Et
1059 3572 1175 3609 errorem
1187 3573 1233 3608 ex·

132 3642 216 3704 clusio
228 3642 305 3705 hujus
317 3642 462 3706 politissimi
474 3643 615 3694 Carminis:
701 3636 762 3686 inde
779 3642 868 3684 natum
880 3636 968 3698 credo,
984 3634 1054 3699 quod
1064 3633 1135 3696 χύσιν
1147 3634 1233 3686 ioaros

166 3723 199 3770 94
216 3721 345 3770 Proximus
356 3721 495 3785 Hydrochoi
508 3720 604 3784 fulgeat
616 3723 666 3771 Oa·
700 3708 1087 3775 il'W‘“1'⁶9⁰)(5‘’'¹›(l¹¹¹²‘tiam
1097 3727 1113 3760 ⁸
1122 3713 1236 3762 M⁸¹lffi0

133 3794 199 3858 riou]
215 3796 312 3847 Verum
335 3810 393 3846 cum
416 3810 448 3844 ne
470 3810 539 3844 nunc
560 3795 665 3860 quidem
701 3788 709 3815 ‘
729 3784 848 3836 flumina'
870 3786 1002 3847 dicuntur,
1025 3800 1084 3835 cum
1115 3788 1234 3838 Eridano

135 3871 198 3921 satis
218 3872 379 3934 explicatum
402 3885 461 3920 eum
485 3870 597 3932 rideam,
614 3885 664 3920 uon
701 3877 776 3912 amne
796 3861 962 3913 confuderint
981 3863 1096 3924 homines
1115 3878 1233 3927 praepos·

134 3946 361 4010 videorintacirpo
380 3946 476 3996 nodum
494 3945 627 4008 quoesisse,
644 3945 665 3993 si
702 3939 762 4001 teri,
777 3938 897 3989 ntetium
916 3938 976 3988 hnic
994 3939 1052 3987 loco
1070 3940 1238 4004 hancexplie

135 4035 194 4071 oum
206 4021 269 4072 viris
279 4022 398 4070 maximis
407 4020 548 4084 symbolam
556 4020 666 4085 aliquam
701 4018 831 4065 cationeru
842 4014 1019 4077 appinxerint,
1034 4014 1081 4064 ‘Si
1091 4015 1191 4079 fierem,
1203 4024 1239 4066 ut·

134 4095 161 4144 in
172 4096 248 4160 liujus
259 4095 433 4146 illustratione
448 4094 592 4144 contulero.
609 4144 611 4148 ,
625 4094 666 4144 Ae
700 4099 773 4155 opto,
783 4104 856 4140 coma
866 4089 956 4151 Regia,
969 4095 1032 4139 tuuc
1047 4103 1098 4152 me,
1109 4105 1167 4155 quaa
1179 4106 1232 4141 me-

136 4170 246 4234 primum
255 4171 360 4236 quidem
369 4168 665 4243 senteutismlrauesuls·
702 4167 745 4217 dia
773 4181 829 4216 sum
854 4165 1097 4237 internarumque,
1117 4166 1231 4231 sublata,
