2752 4694
180 338 246 408 672
429 386 433 393 .
601 345 689 398 saur
715 346 843 397 nouam

180 501 240 556 tar‚·
255 496 296 560 qut
309 499 347 544 lot
363 508 402 544 res
416 494 442 544 ia
457 508 482 544 se
499 492 569 543 iulet
585 492 710 555 egregia:
745 504 826 542 semes
841 494 888 554 ert,
899 504 971 554 ueqrre
988 503 1062 539 oron:
1078 487 1149 552 fidei,
1169 488 1277 561 opinor,

180 571 377 633 danninum
389 568 566 633 resimplata,
578 573 710 632 punimur·
745 580 832 630 eausa,
852 565 1026 616 testimonium
1048 564 1123 614 nobis
1142 564 1280 615 Ciceroni·

179 658 219 708 aa,
237 644 356 708 ,terrasque⁸
412 644 591 708 Neqaioqaarar
611 641 711 702 sructur
745 654 821 691 annm
838 641 865 690 ln
885 641 1058 704 antepoaltum
1076 639 1279 690 Commentariis

180 720 295 770 mutilas
309 725 441 784 osupum.
482 719 568 783 Hujus
587 719 708 768 clausulae
746 717 855 767 inseruit
872 718 935 780 suia,
953 731 986 765 ex
1005 713 1116 780 quadam
1128 714 1159 762 ad
1171 714 1277 763 Pteturu
1319 780 1320 783 Ἴ

180 797 310 848 sententia
320 796 443 846 Plautino
454 811 469 845 a
479 795 553 844 nobis
564 794 709 845 testimonio
745 794 863 857 Epistola
875 794 977 843 decimo
996 792 1052 857 eius
1063 789 1197 840 voluminis
1209 790 1279 841 libro

179 872 359 923 illustrabitur.
391 870 508 921 Sicenim
517 870 584 918 idem
592 868 710 932 Poenulo,
745 869 866 933 petitum,
888 874 916 918 et
937 869 985 918 hoe
1012 866 1117 932 quidem
1144 866 1278 928 exemplo,

180 947 263 997 ‘Nam
276 961 324 1010 pru
339 944 413 994 herili
429 952 518 994 noatro
534 949 633 1009 quaestu
646 943 709 993 satir
745 943 819 993 ‘Nos
829 943 885 1006 jam
902 958 935 992 ex
948 943 1015 993 arelo
1027 948 1126 991 tautum
1138 939 1277 1004 habemus,

180 1020 248 1083 bene
260 1026 394 1070 exornatae
405 1033 498 1069 surmus.
514 1019 574 1068 Non
585 1019 652 1068 enirn
664 1033 709 1082 po·
745 1024 776 1071 ut
785 1021 904 1085 Verrium
917 1026 998 1084 tuum,
1016 1026 1044 1069 et
1061 1019 1207 1080 Camillum,
1224 1032 1278 1083 qus

181 1101 235 1147 teat
247 1102 362 1160 quaretur
373 1095 523 1156 consistere,
540 1095 561 1144 ai
572 1110 631 1144 eum
642 1109 709 1144 aum·
745 1096 871 1146 munditia
878 1096 1004 1159 homines,
1013 1110 1063 1162 qua
1072 1095 1219 1158 elegantis?
1231 1109 1277 1144 vu·

181 1180 223 1223 tna
242 1171 363 1236 ruperat:
395 1173 426 1220 la
445 1176 479 1232 te,
495 1171 518 1219 si
536 1170 563 1220 ia
581 1184 709 1234 queuqemu
745 1171 912 1234 earesreplns
931 1168 1096 1219 audeamurr'
1111 1168 1278 1234 mirqarque

180 1247 301 1311 dieipote,
314 1246 397 1310 putide
411 1246 599 1310 Vecti,1dqrtod
608 1247 711 1296 morata
745 1247 830 1297 alieno
846 1248 912 1309 loeo,
925 1245 1001 1295 alenti
1016 1259 1065 1309 ego
1082 1244 1216 1304 existim03
1231 1244 1279 1309 qni

180 1323 278 1385 dicitur,
295 1328 319 1372 et
332 1321 419 1383 fatain
451 1323 504 1372 Ista
520 1336 573 1391 earu
588 1323 709 1384 liaguusi
745 1320 1280 1388 vulgatascriptura,immertrintmoop·
1332 1312 1336 1319 ’

181 1398 326 1447 mosaici
335 1397 390 1458 iiii,
404 1398 479 1460 porris
491 1398 561 1446 Cuma
572 1402 595 1446 et
606 1398 711 1461 trepidas
746 1412 853 1464 pressae,
870 1398 971 1448 liberali
989 1412 1069 1447 eausa
1089 1396 1184 1446 vindex
1195 1401 1277 1461 atque

181 1474 273 1534 litigen
290 1471 425 1535 rerealipus.
462 1470 504 1521 Ad
526 1485 603 1535 quem
625 1474 709 1523 locum
746 1480 860 1525 assertor
880 1474 969 1522 venire
990 1473 1086 1537 cogito.
1129 1473 1167 1522 Eu
1186 1478 1277 1521 autem

181 1550 312 1610 Muretus,
328 1547 533 1612 ‘Quaecuuque,'
553 1547 647 1614 inquit,
662 1552 670 1579 ‘
683 1550 709 1598 iu
746 1549 882 1613 dehabet,
897 1550 972 1599 ‘an
984 1549 1038 1613 jam
1051 1561 1084 1598 ex
1095 1547 1162 1597 araia
1173 1553 1277 1598 tantum

181 1623 304 1674 verbosos
315 1621 453 1688 fatuasque
464 1622 593 1687 dicuntur,
604 1637 635 1674 ea
646 1624 671 1674 in
683 1630 710 1673 te
746 1625 886 1688 habemua,’
905 1628 956 1675 &m
990 1625 1150 1674 Examussim
1171 1625 1279 1688 optime.

182 1700 273 1751 urnula·
287 1699 340 1749 diei
355 1698 469 1762 queant!
503 1697 584 1764 Atqui
598 1714 648 1749 nun
662 1702 712 1750 hoe
747 1702 817 1754 Quid
828 1702 912 1751 enimi
928 1700 1038 1765 ‘Areia‘
1054 1701 1103 1751 hoe
1122 1701 1189 1763 loeo,
1207 1699 1279 1749 lraud

183 1775 250 1826 dleit
270 1775 402 1824 Catullus:
432 1774 550 1839 quidnam
568 1775 663 1839 igitur?
683 1776 712 1849 Sl
746 1777 852 1843 quidem
863 1791 912 1841 pro
927 1761 1280 1841 ‘tritnrmqnmfl'tiuareiq’

163 1907 166 1910 ,
182 1851 210 1901 in
220 1850 298 1900 eliam
307 1850 461 1915 quempiam,
468 1849 542 1898 unice
554 1850 580 1898 iu
591 1850 712 1899 Vectium
747 1867 806 1903 eum
825 1851 967 1908 Ascenaio:
991 1852 1037 1902 sed
1057 1865 1118 1902 vero
1134 1865 1192 1914 pro,
1207 1851 1281 1914 ‘pul-

182 1932 256 1977 certe
278 1925 416 1976 convenire
441 1925 551 1987 scilicet,
575 1924 712 1975 dicterium
747 1927 830 1990 vinis,’
848 1927 1020 1992 interpretor:
1047 1941 1105 1991 quar
1122 1925 1281 1975 eminentior

182 2017 261 2070 porro
281 2001 356 2065 illud,
376 2001 445 2067 qnod
463 2001 491 2051 in
510 2006 636 2066 sequente
653 2015 714 2051 mox
747 2005 774 2054 iu
790 2003 871 2054 hortis
882 2006 957 2054 terra
964 2008 1015 2064 ert,
1026 2002 1052 2052 lu
1064 2015 1115 2068 qua
1126 2002 1225 2051 semina
1236 2000 1281 2051 de·

183 2079 295 2130 disticho
313 2079 490 2140 continuatur,
510 2077 637 2140 nimirum,
660 2077 713 2128 Isto
748 2086 912 2144 panguntur:
929 2093 962 2129 ea
980 2078 1058 2140 enim,
1076 2078 1117 2127 vel
1133 2076 1281 2128 columella

183 2167 236 2206 aar
246 2157 338 2218 litigas,
348 2157 389 2218 tce.
407 2167 459 2204 uon
471 2167 534 2203 vero
551 2154 644 2217 omnia,
654 2169 711 2218 qum
748 2160 824 2216 teate,
835 2151 1121 2214 ‘areolasssive‘area'
1134 2151 1279 2201 vocitatur:

182 2228 544 2294 inverboaaafatunsquedioi
553 2228 712 2292 posannquti
747 2229 816 2279 unde
837 2233 864 2278 et
887 2226 1045 2278 ‘informare
1068 2224 1159 2287 areas,'
1180 2226 1279 2276 lectum

183 2307 292 2358 Mureto
309 2307 406 2370 placet,
424 2304 488 2355 ullril
506 2304 654 2354 mehercule
667 2303 713 2352 ml·
747 2303 815 2368 apud
827 2304 955 2365 eundem3
972 2309 1001 2352 ut
1011 2316 1060 2367 per
1074 2302 1189 2366 jaculum
1201 2306 1230 2350 et
1240 2301 1280 2350 ln·

183 2397 241 2432 nus.
264 2382 324 2431 Hoe
336 2380 405 2429 enirn
412 2378 556 2429 convicium
566 2379 593 2426 iu
599 2379 712 2442 ejusmo·
748 2381 808 2432 dum
820 2381 905 2430 solens
916 2378 1044 2443 significet
1054 2379 1154 2440 Cicero,
1162 2392 1196 2427 ex
1204 2379 1281 2443 areis,

184 2456 211 2508 dl
220 2455 364 2505 bueconem
382 2466 490 2516 genera,
506 2454 550 2516 qul
561 2452 663 2517 qnldern
674 2453 712 2502 in·
746 2455 795 2504 huc
804 2460 853 2518 eat,
864 2454 975 2518 pulvinis
984 2454 1116 2503 hortorum
1128 2467 1232 2503 auorum
1243 2455 1280 2503 ita

128 2524 134 2532 “
184 2529 245 2579 salal
270 2526 454 2591 impendioque
473 2527 594 2590 loquaces
617 2533 713 2588 essent,
747 2529 852 2579 uberem
864 2543 894 2578 ae
913 2530 999 2578 laetam
1020 2527 1168 2590 fungorum,
1180 2528 1279 2577 heluel·
1336 2588 1337 2591 Ἴ

179 2603 235 2667 jaci
252 2603 328 2664 vulgo
339 2615 371 2649 ae
383 2600 499 2664 torqueri
511 2601 623 2659 ratitum,
634 2602 714 2649 mani·
746 2605 839 2666 larum,
859 2604 1051 2668 omnigeneruru
1077 2603 1227 2666 herbarum,
1248 2619 1279 2654 ac

183 2676 254 2727 festo
264 2690 297 2725 ex
308 2675 513 2724 hoeCatulliano
523 2674 713 2738 Epigrammate
747 2677 880 2728 fruetuum
898 2677 1018 2745 denique,
1035 2678 1152 2743 aequasi
1171 2690 1279 2730 messem

184 2751 316 2801 doeemur.
348 2748 437 2814 Atque
455 2751 494 2799 ita
513 2751 601 2813 medii,
617 2751 643 2799 id
663 2759 714 2814 est,
748 2761 826 2820 atque
838 2768 964 2804 annonam
976 2753 1229 2820 quendamraelpere
1241 2755 1281 2803 in·

185 2826 291 2877 secundi
299 2823 402 2875 distichi
412 2825 715 2889 sententiasprimorum
749 2833 855 2896 atitisae,
872 2839 902 2883 ut
915 2834 970 2897 jam
986 2831 1127 2883 obsonandi
1143 2832 1280 2896 magistros

185 2916 303 2958 seranum
312 2901 469 2952 deductione
481 2902 619 2967 pendebit;
635 2918 716 2968 punc·
749 2909 837 2972 etiam,
846 2909 897 2958 hoc
906 2914 955 2970 est,
967 2908 1132 2970 lautissimos,
1144 2913 1172 2957 et
1180 2907 1212 2957 ad
1226 2906 1280 2956 Ge·

186 2989 223 3047 tu,
232 2981 312 3047 quod,
321 2981 356 3042 τῷ
366 2979 453 3043 fetata,
467 2981 534 3030 latus
546 2982 655 3046 claudit,
669 2999 714 3032 ex·
750 2984 820 3033 nium
839 2983 955 3049 quamuis
971 2982 1173 3048 sapientissimos
1192 2981 1280 3031 couvi·

183 3058 304 3122 ,punctos
333 3065 412 3122 atque
436 3057 525 3120 ejusce
552 3057 634 3107 ricem
656 3058 714 3108 eolo
749 3067 859 3116 ratores,
882 3059 914 3107 ad
938 3073 1039 3108 emnam
1062 3072 1140 3123 porro
1162 3057 1281 3106 vocitare

185 3134 257 3198 quasi
266 3131 421 3182 succidanea
432 3131 545 3182 subdito.
748 3134 965 3186 identidemlraud
974 3133 1164 3183 verecundetur
1169 3131 1279 3182 seilicet.

748 3224 833 3275 neque
856 3224 919 3259 vero
939 3210 1031 3258 mirum
1052 3209 1171 3273 culquam
1196 3207 1282 3256 videri

344 3256 464 3308 CAPUT
475 3259 556 3309 vm·
749 3289 838 3352 debet,
858 3304 905 3339 eur
926 3295 1092 3353 ganenturum
1113 3287 1283 3349 serculorum,

186 3355 297 3406 Publica
312 3355 339 3404 ili
361 3356 487 3406 Cicerone
508 3357 587 3407 lectio
607 3357 714 3409 defensa
749 3364 841 3430 quibun
857 3365 959 3414 macelli
978 3378 1105 3414 annonam
1124 3361 1282 3412 excandefn.

218 3430 328 3494 pariter,
343 3429 535 3480 ardeolarata:
553 3439 608 3481 trun
618 3433 713 3483 Velleil
748 3440 821 3488 ciunt
848 3454 948 3503 magna
961 3439 1126 3489 mandonum
1149 3439 1227 3501 gula,
1250 3452 1281 3487 ac

218 3504 352 3554 Ρῑῖθῐΰῑῑῑῑ
375 3505 457 3566 Ιθθῑῑῦν
478 3506 589 3569 P0³⁸¹¹¹¹0
609 3507 713 3558 hwile
750 3514 937 3581 quaesitissimis
953 3516 1004 3565 illia
1020 3507 1188 3578 'cupediarum
1203 3515 1281 3565 scita-

219 3580 715 3648 minansquenunno‚idemqnenune
750 3590 843 3642 ruentis
862 3591 936 3655 quart
955 3605 1003 3656 pro
1025 3589 1152 3640 derelicto
1177 3588 1282 3652 habitis,

217 3659 317 3710 catulli
328 3673 379 3724 ope
387 3667 540 3723 persanatua
552 3661 697 3724 primulum.
750 3679 784 3715 ne
812 3666 906 3726 dicem,
932 3666 1040 3730 ejuratis
1062 3664 1216 3729 penissime;
1243 3664 1282 3712 nil

218 3734 380 3798 Temperare
388 3733 512 3798 mihiipae
522 3734 591 3784 haud
603 3749 716 3799 possum,
751 3747 848 3806 preter
860 3740 1058 3805 parabilea,imo
1069 3740 1178 3790 inemtas
1189 3739 1282 3803 dapes,

185 3808 475 3876 quinlocamquendam
483 3809 636 3870 Tullianum,
651 3810 716 3860 ‘ea-
750 3816 801 3866 lroe
817 3823 868 3880 eat,
884 3823 1037 3879 apparatum
1054 3829 1116 3864 vere
1127 3813 1283 3878 Pythagori-

187 3885 301 3936 tullieuaa
308 3899 375 3935 arear
383 3884 391 3908 '
400 3885 537 3935 occasione
545 3886 666 3951 maxime,
674 3902 715 3936 aa·
751 3906 819 3956 cum,
830 3891 898 3958 quud
906 3893 1094 3956 genunieirvou
1101 3887 1208 3950 alnaria
1215 3887 1283 3953 ἔχον,

187 3963 276 4026 gaulus
295 3963 373 4025 paulo
382 3961 512 4013 excutiam
523 3966 600 4025 atque
611 3963 717 4013 investi·
751 3966 891 4031 indigitant
917 3967 1014 4030 Graeci,
1040 3967 1113 4032 quasi
1135 3966 1169 4014 de
1195 3965 1283 4028 horto,

187 4052 256 4101 nem.
272 4039 337 4087 Eam
356 4052 411 4088 reru
429 4036 600 4088 nobilissimus
616 4053 662 4087 nos
672 4039 716 4088 In·
751 4043 820 4092 hand
832 4043 865 4091 de
876 4041 934 4092 foro
946 4041 1083 4105 obsonana,
1094 4041 1120 4089 in
1132 4036 1185 4090 ta'm
1204 4041 1282 4105 gluri-

150 4138 159 4147 -
186 4120 288 4178 terpres
297 4114 463 4178 commonuit,
470 4113 716 4179 quladPhaleueum
752 4132 797 4166 oan
809 4117 965 4166 coennlarum
981 4129 1083 4164 suarum
1094 4115 1284 4179 predicatione

189 4187 260 4238 illurn
272 4189 365 4240 Prata
383 4192 474 4254 nostri,
490 4190 559 4254 Furi,
575 4191 629 4253 quoi
643 4204 716 4253 neque
733 4255 734 4258 Ἴ
752 4193 898 4243 meminerit
909 4192 1016 4243 Cicero:
1035 4191 1181 4256 quippecui
1192 4193 1284 4242 etiarn·
