2752 4694
557 335 595 381 ru
621 333 843 384 ca'ruuauu.
1182 323 1248 387 703

138 472 227 535 jectos
246 488 303 523 esse
323 475 421 534 rideat,
436 485 464 527 et
480 477 514 527 ab
531 479 613 539 ipsius
630 490 676 526 ors
714 491 783 528 aare.
817 479 851 526 Et
863 478 968 542 alioqui,
986 480 1017 540 si,
1028 496 1087 545 quae
1105 467 1185 531 semel
1202 492 1248 531 se·

142 556 198 598 tum
210 550 304 599 multos
315 565 373 602 curn
385 553 489 602 minime
500 553 580 603 dubio
592 553 676 607 erudi·
713 550 797 614 distis,
808 552 912 600 minime
931 561 991 604 snnt
1002 556 1096 604 iterum
1116 555 1246 618 swegen-

141 622 510 688 sronupraejmrcropsnaere
523 627 675 690 intelligas?
714 625 757 688 aa,
768 627 901 690 oportebit
908 628 965 691 jam
975 631 1088 680 omas·
1098 621 1247 697 marpissa·
1338 690 1341 696 ,

142 698 194 752 Sed
205 700 247 748 rel
258 699 310 749 mei
317 700 414 764 ingenii
425 704 547 766 tenuitas,
558 703 599 752 rel
608 717 675 752 snm·
713 714 770 749 rnm
790 702 925 765 magistros
938 705 1043 767 penitus
1057 706 1247 759 obmutescere.

135 774 302 824 maomninm
310 783 423 828 vestrum
432 778 577 828 eruditiniu
585 791 677 827 caussa
713 776 775 833 Sed,
787 777 829 826 vel
841 778 901 842 quia
911 791 963 828 nors
974 781 1059 830 enula
1069 782 1183 833 fideliter
1193 799 1247 838 me·‚

135 856 195 910 est,
206 865 263 900 curn
276 851 308 900 ad
321 867 366 902 vos
378 855 458 904 verba
470 869 526 904 sum
540 853 674 914 facturum
713 850 801 900 moriar
814 851 943 902 inherere
958 855 1052 920 solent,
1062 857 1104 906 vel
1121 859 1180 923 quia
1196 860 1247 908 sia·

143 927 221 977 etiam
233 928 309 978 valde
322 931 560 994 premeditatornm
574 929 675 980 oblisis·
713 926 780 990 gulia
792 927 936 994 quibusque
953 932 1026 980 aunis
1043 933 1087 982 alii
1103 941 1182 998 atque
1202 934 1248 985 alii

143 1016 198 1063 ear,
219 1010 297 1067 atque
319 1006 403 1056 auimo
422 1007 460 1057 ita
481 1007 628 1071 perturber,
647 1012 675 1055 nt
712 1001 892 1053 adulescentes
911 1005 1011 1068 ingenti
1026 1023 1134 1059 numero
1150 1010 1247 1060 studio·

146 1093 245 1128 omnem
267 1082 370 1132 omniuo
386 1083 543 1148 eloquentiae
560 1082 621 1143 rim,
640 1080 675 1146 (sl
712 1088 869 1128 runcanssa
881 1079 907 1128 in
918 1081 983 1132 barro
993 1084 1083 1133 urbem
1093 1083 1245 1147 confluunt,

137 1155 277 1204 ullamodo
286 1157 433 1220 eloquentia
440 1158 466 1205 in
476 1172 517 1206 me
524 1155 682 1220 reperitur,)
712 1149 804 1204 licebit
813 1154 883 1215 milri,
895 1163 934 1205 sat
947 1158 1010 1219 scio,
1020 1158 1054 1208 de
1065 1159 1098 1208 iis
1107 1159 1183 1210 rebus
1193 1174 1247 1209 ser·

143 1230 259 1293 protinus
278 1232 406 1282 amittam.
445 1232 677 1282 verumenimvero
704 1243 813 1278 monem
834 1231 980 1296 instituere,
1001 1248 1069 1299 quae,
1090 1234 1195 1284 tametsi
1213 1233 1246 1285 sb

132 1304 186 1354 bic
205 1306 305 1369 aliquot
320 1307 557 1372 astarevideo,qui
573 1305 676 1356 demea
713 1303 771 1352 aliis
792 1313 854 1354 ante
878 1306 925 1356 bae
948 1322 999 1357 rrnn
1022 1309 1102 1359 sernel
1123 1315 1244 1361 tractatu

141 1381 290 1431 eruditione
302 1398 353 1432 non
363 1385 466 1434 omnino
478 1382 678 1448 pessi-erenri-
712 1378 821 1441 fuerint,
847 1381 945 1442 babeat
960 1390 1054 1434 tamen
1077 1399 1124 1434 cnr
1150 1386 1246 1435 iterum

126 1462 207 1515 sunt3
224 1458 312 1507 cuncti
326 1474 387 1509 sero
397 1474 429 1509 ea
443 1461 506 1510 estis
515 1460 675 1510 humanitate
712 1460 792 1518 atque
810 1456 906 1506 iterum
925 1460 1068 1523 propositae
1084 1461 1246 1514 audientium

142 1531 260 1594 praediti,
271 1539 300 1582 ut
309 1534 370 1597 jnre
388 1535 482 1584 merito
493 1549 595 1584 omnem
607 1549 622 1582 a
633 1546 675 1583 me
713 1545 847 1581 auresnon
855 1548 946 1596 parum
954 1535 1247 1600 deliniant,eornnrlem·

142 1606 261 1655 timorem
284 1607 397 1671 abjicere
415 1596 535 1660 debeam.
578 1608 675 1674 Itaque
712 1620 762 1670 que
773 1607 870 1657 animos
882 1608 992 1660 mirifice
1004 1610 1146 1661 oblectent.
1174 1613 1246 1662 Pra-

141 1683 193 1731 nisi
212 1683 284 1733 vobis
302 1685 464 1751 incomperta
482 1689 627 1752 protulero,
646 1696 675 1740 ut
713 1689 787 1731 terea
806 1683 840 1735 de
862 1685 1003 1736 carminum
1025 1685 1246 1740 conficiendorum

142 1758 202 1822 ipsa
223 1775 309 1812 rerum
332 1764 448 1814 novitate
473 1772 574 1815 vestras
599 1779 674 1814 aures
712 1760 814 1809 ratione
841 1767 921 1826 atque
949 1777 1036 1812 eornm
1065 1776 1183 1812 mensura
1216 1778 1247 1814 ea

143 1833 430 1898 demulcean3nrrltn0
449 1841 552 1903 saltem,
571 1855 602 1891 ae
622 1856 674 1891 ms.
712 1833 831 1884 dicturus
845 1850 910 1900 sum,
927 1852 983 1901 qnae
1000 1843 1102 1888 tantum
1119 1839 1204 1902 abest,
1215 1847 1246 1890 nt

133 1909 224 1960 ,thoos
234 1912 344 1975 quadam
355 1929 386 1963 en
394 1914 509 1966 fideliter
520 1931 675 1966 commemo·
712 1924 864 1975 equaquam
881 1912 1007 1963 haetenus
1024 1914 1124 1963 tradita
1138 1912 1247 1979 fuerint,

143 1986 216 2048 rabo,
233 2003 289 2051 quae
302 1989 336 2039 sb
349 1991 530 2040 eruditissimis
541 1990 675 2040 viris-me·
712 1992 742 2036 ut
753 2001 786 2036 ne
797 1988 843 2036 nlll
854 1987 958 2052 quidem
969 1989 994 2039 in
1006 1996 1120 2039 mentem
1132 2005 1245 2055 unquam

142 2062 232 2112 moriae
254 2065 358 2126 prodita
379 2074 448 2126 snut,
469 2080 629 2131 quorumque
654 2066 676 2114 si
712 2061 814 2111 venisse
824 2074 953 2112 censeam.
971 2064 1023 2113 Sed
1034 2064 1090 2113 bae
1101 2065 1247 2127 posterins;

142 2151 188 2188 vos
203 2141 326 2188 nonnulla
345 2139 457 2190 fortasse
480 2141 552 2204 cepit
570 2140 675 2204 obliuio,
713 2150 782 2184 nune
810 2136 842 2185 de
870 2139 1022 2200 proeslsntia
1057 2152 1088 2188 ae
1115 2138 1245 2201 dignitate

142 2214 213 2263 laudi
242 2215 329 2278 potins
356 2230 433 2278 qnam
453 2216 517 2265 vitio
537 2216 674 2266 verterim:
714 2209 824 2275 poetica
835 2210 969 2262 facultatis
979 2213 1095 2262 breviter
1105 2213 1244 2264 videamus.

141 2303 203 2338 nem
212 2295 284 2339 recte
294 2288 391 2348 faeere,
400 2296 559 2353 qnam-recta
569 2304 676 2340 narrare
695 2336 699 2346 ,
714 2285 786 2335 Nihil
797 2286 890 2350 -potius
906 2286 1002 2337 lrbmini
1013 2287 1176 2352 propositum
1188 2302 1247 2339 esse

141 2364 290 2427 complures
311 2366 420 2414 malunt.
453 2365 494 2416 Ae
513 2380 554 2416 me
572 2365 676 2431 quidem
714 2361 795 2412 debet
814 2362 841 2411 in
858 2363 908 2413 hoe
924 2362 998 2413 brevi
1015 2377 1068 2412 sne
1086 2359 1148 2414 ritas
1164 2364 1246 2415 curri·

141 2442 291 2490 inveterata
312 2439 392 2504 ‚bajus
417 2441 552 2505 Gymnasil
569 2457 676 2501 eonsue-
713 2438 783 2501 culo,
792 2453 869 2504 quam
880 2440 911 2490 iis
923 2438 1066 2490 virtutibus
1077 2438 1190 2489 animum
1201 2454 1245 2490 ex·

142 2515 207 2565 tudo
226 2514 290 2564 satis
309 2515 432 2578 tuebitur,
450 2531 507 2581 qum
527 2518 591 2567 linet
611 2518 676 2568 inri-
712 2516 808 2580 colere,
833 2533 891 2582 qnae
927 2517 960 2567 ad
988 2531 1114 2568 summum
1141 2517 1246 2582 bonnm,

142 2597 197 2639 turn
211 2606 241 2641 ac
257 2592 428 2642 reluctantem
440 2593 465 2643 in
476 2595 543 2644 bane
552 2595 674 2644 harenam
712 2600 840 2657 quatenus
865 2595 970 2660 quidem
997 2594 1024 2643 iu
1051 2594 1099 2643 bae
1127 2593 1245 2659 corporis

142 2681 189 2715 suo
208 2667 317 2730 quodam
326 2668 388 2731 jure
400 2669 537 2732 quotannis
552 2668 672 2721 devocat.
712 2682 838 2734 compage
846 2669 909 2720 illud
921 2669 1023 2735 sesequi
1032 2670 1103 2732 lieet,
1113 2684 1160 2720 nos
1168 2676 1246 2720 reeta

143 2741 269 2793 Quoniam
286 2757 347 2793 sero
367 2743 527 2808 Theologioe,
542 2745 674 2810 Juriapru·
712 2743 867 2806 perducant,
886 2745 953 2794 unde
970 2745 1135 2807 postmodnm
1152 2744 1185 2793 ad
1201 2759 1245 2795 ve·

142 2815 247 2881 dentirq,
259 2818 441 2883 Philosophiae,
451 2821 600 2882 Medicinae,
610 2835 673 2884 quas
712 2830 765 2866 ram
793 2817 955 2881 beatitatem,
982 2833 1039 2882 ana
1069 2818 1244 2867 Cbristiannrn

142 2891 277 2943 dumtaxat
285 2894 400 2944 scientie
408 2896 511 2944 nomine
519 2894 611 2957 dignes
618 2908 674 2943 esse
712 2889 795 2938 virum
807 2891 833 2938 in
850 2892 916 2940 coelo
928 2897 1024 2950 manet,
1041 2890 1142 2939 fecilior
1152 2890 1244 2939 aditus

142 2968 259 3017 nonnulli
279 2969 330 3018 sibi
348 2975 540 3032 persuaserunt,
558 2969 674 3018 encomia
713 2965 853 3027 aperiatur.
872 2964 1028 3025 trinarium
1040 2964 1245 3026 uliquivestrnns

143 3043 176 3091 ab
193 3044 371 3095 eruditissimis
391 3044 460 3105 viris,
480 3045 525 3108 qni
543 3043 610 3106 apud
628 3058 674 3091 vos
712 3039 896 3102 Philosophia,
922 3039 1036 3090 nonnulli
1063 3037 1245 3100 Jurlsprnden·

142 3119 247 3182 publice
275 3128 337 3170 ante
364 3120 420 3170 base
439 3121 519 3170 verba
545 3118 674 3182 fecerunt,
712 3115 766 3177 tiae,
783 3115 826 3165 alii
845 3114 902 3164 allis
920 3114 1062 3178 disciplinis
1080 3126 1184 3176 operam
1199 3127 1244 3161 na·

140 3209 259 3258 persaepe
271 3196 410 3244 decantata
421 3194 500 3243 fuisse
512 3194 582 3253 κιαι
600 3193 675 3242 libuit
712 3196 791 3239 vent:
811 3190 837 3238 ln
846 3205 953 3254 quarum
962 3189 1137 3253 cognitionem
1148 3189 1244 3240 bonum

141 3268 213 3332 mibi,
224 3269 327 3318 caeteris
336 3269 439 3318 interim
450 3269 558 3330 omissis,
567 3269 599 3318 de
609 3284 674 3332 pras·
711 3266 786 3329 illud,
817 3267 885 3331 quod
909 3268 935 3317 in
961 3266 1039 3317 terris
1059 3265 1244 3330 querimus,e

140 3346 238 3395 stantia
248 3344 485 3396 Pobsensnonnibil
493 3359 675 3394 commemora·
711 3341 907 3406 sapientissimis
922 3342 983 3391 siris
994 3342 1150 3391 collocatum
1163 3339 1244 3392 fuisse

141 3435 181 3483 re,
202 3426 231 3469 ut
245 3421 312 3469 vlam
324 3420 397 3483 quasi
413 3428 555 3470 statuerem
574 3422 607 3471 ad
624 3422 676 3472 lee-
711 3425 822 3469 constat.
854 3418 903 3481 Ac,
921 3418 990 3468 sieut
1007 3417 1119 3467 omnium
1130 3416 1245 3481 discipli·

141 3495 240 3545 tionem
264 3495 370 3559 Catulli,
397 3495 470 3559 enjus
500 3497 674 3547 Galliambnm
711 3507 801 3543 narum
820 3492 1004 3543 studinmlrnlc
1020 3491 1067 3541 fini
1086 3506 1243 3556 magnopere

141 3572 268 3628 bocauna
285 3570 349 3620 mais
368 3569 530 3622 auditoribus
547 3573 676 3637 interpre·
712 3569 844 3633 conducit,
862 3568 900 3617 ita
922 3569 1058 3632 petitarum
1080 3567 1169 3628 lectio,
1189 3581 1243 3631 pras

141 3648 249 3700 tandum
261 3647 370 3711 suscepi.
397 3646 448 3710 Ac,
458 3649 574 3712 quamvis
585 3649 618 3699 de
627 3649 676 3698 boe
711 3645 823 3709 euteria,
841 3660 899 3695 erun
914 3659 931 3694 a
940 3643 1080 3707 Tlreologia
1095 3642 1244 3693 discesseri-

142 3725 219 3790 etism
231 3725 317 3775 studio
329 3726 452 3791 pleraque
464 3741 480 3775 a
499 3726 674 3791 compluribus
712 3735 777 3783 mus,
787 3721 898 3770 maximo
910 3726 952 3769 est
961 3720 1034 3770 nobis
1045 3717 1197 3781 adjumento
1208 3716 1242 3765 ad

141 3799 344 3852 dietaessenon
360 3801 485 3865 ignorem,
499 3802 673 3865 ntnilrilpro·
711 3797 797 3846 omnia
825 3796 869 3844 illa
896 3791 1086 3860 consequendas
1107 3804 1166 3853 ‹11¹oe
1195 3803 1244 3853 l)er

141 3876 279 3939 pemndum
300 3877 424 3940 supersit,
442 3876 511 3941 qnod
534 3877 612 3925 veluti
628 3890 673 3925 ao·
711 3872 794 3921 varies
816 3878 884 3921 artes
909 3871 1049 3934 diligenter
1071 3865 1243 3928 exquirimus:

142 3964 202 4000 ram
212 3965 279 4006 ame
290 3952 364 4002 vobis
372 3966 440 4004 nune
452 3951 562 4015 proponi
574 3950 672 4015 possit:
711 3945 919 4011 quandoquidem
929 3946 1039 4009 politicae
1049 3940 1182 3990 facultatis
1191 3955 1244 3990 rua·

143 4025 258 4076 conabor
279 4032 364 4081 tamen
385 4035 414 4077 et
433 4042 492 4076 meo
516 4026 674 4088 munari,=et
711 4015 1244 4087 teriuaubjeeta,et(utvoeaut)stratum,
1293 4024 1297 4031 '

142 4101 282 4154 multorum
304 4101 443 4164 desiderio,
463 4102 507 4167 qul
526 4102 576 4152 hoo
596 4115 612 4150 a
630 4115 673 4151 me
711 4099 745 4149 sit
765 4099 876 4153 omnium
898 4095 1092 4159 disciplinarum
1121 4092 1191 4142 orbis
1213 4099 1243 4141 at

143 4177 219 4228 enixe
243 4175 385 4242 petierunt,
406 4185 545 4243 utcumque
572 4173 672 4227 satisfa-
710 4175 864 4240 complexio.
892 4167 1242 4224 Quodsiiinmerumtotius
