2752 4694
169 309 236 374 ⁷98
518 320 636 372 suna.
660 320 792 370 ιιιιιιι
809 322 919 373 rora

170 472 199 515 et
218 463 331 528 pluriam
349 462 425 515 ,loris
441 469 473 512 ιι
490 461 703 513 cende-‘dimo
739 462 792 511 triu
802 461 902 525 uirides,
915 463 1006 526 Perper
1024 464 1114 528 ισιιιιι,
1127 478 1217 528 perpure
1228 469 1279 514 ter·

64 561 72 569 -
170 547 248 604 atque
259 540 395 603 adpellare
402 538 587 589 metitum?
604 544 702 588 etcum
739 552 881 602 nuperque
896 543 994 602 postem
1009 539 1137 599 ιιιιιιιιιιιιι,
1159 541 1278 590 Persicas

171 617 292 666 nemu·
306 614 455 664 criminibus
475 614 560 664 labem
579 613 702 664 imbrlse
739 613 777 662 ssi
797 618 900 663 tenuram
920 614 1028 663 semiusti
1048 615 1146 665 tramite
1175 615 1280 677 laucis,

171 691 247 749 ulo,
255 696 284 739 ct
291 690 393 739 telluris
401 689 547 753 significare
556 688 704 739 madorem!
733 688 853 753 iussitqse
871 691 981 738 mandem
999 705 1066 740 some
1084 691 1196 740 massot
1212 691 1281 756 uiuo]

172 766 213 815 Ειι
224 765 346 827 opinione
363 765 468 828 quidem
486 765 652 828 Scytharum,
660 764 704 829 qui
740 765 862 815 seminali
872 765 975 814 tramite
986 780 1065 815 renas
1076 780 1213 829 permeans
1225 769 1280 832 spi.

172 839 215 899 (ιιι
226 840 326 890 Herod.
338 841 382 890 lio.
400 855 438 890 ur.
456 839 580 904 testatur)
592 840 703 904 pluriam
742 841 816 891 ritus.
849 842 892 890 lta
906 840 1040 890 claudian.
1060 842 1094 890 de
1111 843 1198 904 Rupta
1210 841 1279 892 Pro-

172 917 235 964 niltil
246 915 393 972 aliudesse,
405 930 481 980 qnam
495 914 704 979 conjunctionem
742 930 811 979 serp.
823 917 867 966 llb.
877 930 908 966 ιι.
924 917 933 944 ‘
944 917 1091 987 compellat
1107 917 1278 980 Zephyrum:

172 989 231 1039 ooeli
243 997 272 1038 et
284 998 361 1037 terrae
373 988 527 1038 credebant.
554 989 623 1038 ilinc
634 989 703 1038 stat.
742 1000 818 1055 pater
828 1008 844 1041 o
855 993 989 1042 mitissime
997 993 1083 1056 Veris,
1094 993 1144 1045 Qui
1157 1007 1217 1042 mea
1228 994 1280 1042 las·

172 1066 236 1115 Silr.
248 1067 292 1116 lib.
302 1080 321 1114 ι.
334 1067 342 1094 ‘
354 1067 437 1128 ipsum
450 1067 476 1114 ia
487 1064 616 1115 connubia
626 1071 704 1114 terra
741 1067 799 1116 ciro
810 1083 903 1132 regnas
914 1081 962 1130 per
972 1074 1047 1132 prata
1058 1075 1153 1128 meatu,
1165 1067 1280 1131 Semper

173 1144 289 1203 AEtlters,
307 1143 373 1191 durn
389 1142 483 1206 pluuiis
502 1149 639 1192 rarescunt
657 1156 704 1190 nn·
742 1149 770 1190 et
781 1142 895 1191 adsiduis
906 1144 1001 1192 irroras
1011 1140 1116 1191 flatibus
1126 1156 1234 1203 annam,
1245 1143 1279 1191 In

173 1219 235 1279 lsila,
247 1219 320 1268 solro
328 1217 344 1268 ι’
360 1226 387 1268 et
398 1218 516 1267 Alcimus
526 1218 572 1268 lib.
584 1231 604 1267 t.
613 1218 621 1245 ‘
630 1218 704 1280 largo
743 1232 822 1267 renas
833 1219 954 1281 disperge
966 1217 1035 1267 nicus
1047 1224 1075 1267 et
1085 1216 1191 1268 flamine
1202 1219 1279 1281 largo

173 1292 324 1343 fecundans
349 1293 465 1357 germina
488 1300 562 1356 potu,
589 1293 704 1357 Lympha
743 1293 893 1344 iiursfore.
927 1295 963 1342 Et
978 1292 1201 1357 glebasfoecundo
1218 1307 1280 1343 rore

142 1407 147 1413 .
174 1369 308 1418 maritavit
339 1366 462 1418 sitientis
479 1368 580 1416 viscera
609 1365 704 1415 terra?
742 1369 857 1431 maritat,
866 1371 975 1433 Quaque
987 1370 1069 1430 rolat,
1089 1383 1183 1419 vernus
1193 1371 1281 1434 sequi·

172 1444 247 1493 citat
258 1444 335 1492 etiam
352 1445 400 1492 hoc
411 1443 578 1505 Pervigilium
594 1441 642 1491 sub
660 1456 705 1490 no·
743 1454 787 1495 tur
796 1446 882 1495 color:
894 1445 976 1494 omnis
986 1445 1012 1493 iu
1022 1445 1115 1494 herbas
1124 1445 1225 1509 Turget
1233 1447 1280 1495 lm·

174 1518 244 1568 mine
260 1518 320 1566 Vct.
338 1519 395 1568 Lat.
415 1516 507 1566 Poeta
527 1518 554 1568 J.
574 1518 605 1566 L.
625 1516 658 1566 de
680 1518 706 1565 la
743 1521 818 1571 mus?
844 1521 921 1573 Quod
936 1521 1281 1584 spectatctiamad‘mari·

174 1591 263 1642 cerda
273 1591 305 1640 sd
317 1592 416 1654 Georg·
428 1605 460 1639 ιι·
477 1605 504 1654 p·
515 1594 572 1640 ³³⁷·
581 1590 705 1653 additque
744 1604 785 1647 tos
797 1597 892 1646 imbres
903 1601 945 1644 'et
957 1595 991 1644 ad
1001 1611 1037 1646 rs.
1046 1601 1083 1644 li.
1093 1594 1139 1645 ubi
1148 1597 1218 1647 idem
1230 1598 1282 1647 Ila·

175 1667 267 1717 clano.
279 1667 390 1715 Marium
409 1666 452 1715 lib.
467 1680 511 1715 ιιι.
528 1666 620 1713 ‘Rura
630 1664 707 1713 mnri-
744 1672 812 1720 ronii
822 1673 929 1733 spiritus
941 1675 1051 1738 papillas
1062 1673 1175 1724 Veneris
1188 1671 1282 1723 inflare

175 1748 215 1789 ιιι
233 1742 306 1805 aquis
313 1741 331 1790 :'
355 1748 382 1792 et
401 1742 447 1790 lib.
466 1755 497 1790 ιι.
514 1740 601 1789 ‘Tum
619 1753 648 1788 te
664 1738 707 1787 dr·
744 1753 773 1794 et
782 1746 946 1808 impregnari
964 1748 1165 1812 titillationeque
1182 1755 1284 1796 suatu-

175 1817 257 1866 coctis
280 1817 357 1865 tellus
378 1816 546 1880 pinguissime
567 1815 648 1877 glebis
674 1815 705 1862 ln
745 1833 840 1868 morem
853 1819 879 1868 in
891 1820 922 1869 iis
939 1821 972 1870 ιιι
989 1821 1068 1871 ioetus
1084 1820 1236 1871 educendos
1252 1828 1282 1871 et

175 1891 253 1942 foetus
271 1892 351 1941 morit
369 1892 536 1954 variosque
554 1889 637 1939 imbre
654 1903 706 1937 ms·
745 1894 895 1943 educandos
918 1904 1008 1958 aptum
1031 1897 1148 1946 excitare
1171 1896 1280 1945 dicitur.

94 2032 102 2044 „
175 1969 236 2029 rito,
247 1969 402 2018 Parturiens
422 1968 492 2031 putri
510 1967 629 2016 dissolvit
647 1979 707 2015 rura
745 1969 814 2018 Nam
832 1976 860 2017 et
877 1970 989 2033 Catullo,
1004 1973 1012 2000 ⁶
1026 1970 1105 2020 Aura⁴
1119 1970 1188 2033 parit
1203 1968 1284 2019 liores

175 2043 280 2093 meatu!
312 2043 418 2093 Acciuit
435 2044 522 2092 Noun.
541 2041 650 2104 Dionys.
662 2041 707 2089 lib.
746 2044 830 2107 tepidi
856 2043 976 2095 iracundo
1001 2043 1114 2095 Favoni?
1157 2044 1284 2100 Docebat

176 2131 221 2168 ιιι.
232 2133 249 2168 ι
257 2133 308 2182 quio
319 2120 393 2168 Nilus
405 2119 501 2168 dicitur
519 2116 588 2180 ιγριι
606 2115 709 2174 ἄκοιτις,
746 2119 929 2182 Empedocles,
940 2111 1053 2170 ment'em
1072 2133 1182 2182 sacram,
1193 2119 1283 2182 idest,

177 2193 285 2243 moritus
295 2193 427 2242 humidus:
447 2200 475 2243 et
487 2193 644 2253 ιιιιιιοιιιιιι,ι
655 2192 710 2241 Eri·
746 2194 829 2243 Deum
838 2193 1140 2258 peruniversadiffnsnm
1149 2202 1284 2258 segetare,

176 2268 246 2329 gitur
266 2270 344 2331 genio
363 2269 440 2319 telins
455 2267 597 2318 tumefacta
607 2268 711 2329 marito,
747 2273 824 2331 atquc
836 2283 940 2318 movere
952 2271 1047 2318 omnia.
1083 2269 1150 2319 Nam
1165 2282 1224 2317 cunt
1240 2282 1283 2318 re·

180 2345 283 2394 Natura
293 2345 320 2392 in
333 2344 452 2393 thalamis
470 2344 535 2392 orbe
553 2351 661 2413 tepente
671 2357 712 2391 se·
742 2343 853 2407 jecisset
870 2359 959 2393 eorum
977 2343 1153 2404 traditionem,
1166 2345 1210 2407 qni
1221 2344 1283 2395 Diis

177 2419 243 2469 det.'
268 2421 296 2470 8.
307 2420 418 2484 August.
430 2419 552 2469 Confess.
563 2420 609 2470 lib.
621 2433 641 2470 1.
652 2434 711 2483 cup.
747 2419 883 2468 humanam
905 2426 1022 2468 naturam
1045 2418 1221 2479 adduxerant,
1243 2420 1283 2469 ita

179 2499 219 2545 lii.
239 2495 271 2543 ad
290 2497 375 2544 Deum
397 2496 482 2558 ipsum
494 2495 550 2543 ltaec
568 2494 713 2556 transtulit,
748 2494 871 2557 deinceps
888 2495 1080 2556 canit,citsnte
1092 2494 1228 2544 Ammonio
1248 2495 1283 2545 sd
1338 2532 1341 2539 .

178 2573 186 2598 ‘
200 2569 225 2618 0
237 2570 318 2619 uirtus
328 2570 452 2618 maritans
464 2576 576 2618 mentem
588 2576 712 2618 meamet
748 2568 859 2622 Aristot.
883 2571 959 2620 Ἀλλὰ
970 2570 1088 2635 φρὴνιερι
1096 2569 1136 2619 sui
1143 2569 1281 2633 ἀθέσφατοι

177 2644 261 2691 sinum
272 2643 436 2703 cogitationis
454 2657 529 2705 mese,
540 2658 592 2692 uon
604 2650 631 2692 te
643 2658 711 2693 ama·
748 2642 836 2694 ἔπλετο
854 2647 948 2709 μοῦνον,
965 2646 1072 2709 ιροντίσι
1088 2644 1285 2708 κόσμσνιιινσι

178 2719 247 2779 bam,
265 2718 311 2767 sed
329 2716 476 2767 fornicabar
487 2717 532 2766 abs
549 2725 586 2778 te,
595 2724 623 2766 et
633 2715 711 2767 forni-
749 2720 912 2771 καταΐσσουσαι
938 2725 1012 2788 θοῇσι.
1058 2724 1115 2773 Nec
1143 2722 1284 2774 Aristoteli

178 2793 250 2842 canti
261 2792 370 2842 sonabat
381 2791 493 2856 undiquc
504 2794 592 2855 Euge!
611 2792 710 2856 Euge?
749 2811 852 2860 quoque
871 2798 906 2847 de
923 2800 1025 2848 Philon·
1040 2799 1087 2847 lib.
1104 2812 1124 2847 1.
1143 2799 1284 2848 temerarie

178 2867 295 2931 Cumque
307 2868 397 2916 vitium
410 2867 533 2931 proderet
544 2883 582 2916 vs.
591 2872 634 2917 oa.
645 2869 711 2917 male
749 2872 879 2936 loquutus,
889 2874 934 2921 sed
944 2888 999 2936 prae
1007 2874 1064 2922 aliis
1076 2873 1191 2935 sapuisse
1203 2874 1284 2936 risus,

178 2943 321 3004 ambulans,
335 2944 369 2992 Ut
381 2943 522 3006 fletrinio
556 2943 659 3006 Lipsius
672 2957 711 2991 re·
749 2948 793 3010 qui
810 2957 922 2997 mentem
943 2949 969 2996 in
987 2949 1149 3008 animalibus,
1159 2949 1283 3011 omnique

179 3021 294 3082 scripsit,
308 3020 473 3083 Utprefoetus.
500 3021 551 3070 Sed
561 3022 711 3084 conjunctio
749 3027 851 3083 natura,
868 3022 913 3071 sed
931 3031 960 3072 et
977 3037 1080 3072 causam
1091 3021 1171 3072 luisse
1181 3023 1284 3086 mundi,

179 3096 329 3158 copulativa
347 3097 500 3146 sententiam
520 3111 570 3145 noo
586 3097 711 3157 absolvit3
750 3097 880 3162 totiusque
899 3098 997 3146 ordinis
1017 3097 1122 3158 dixerit,
1143 3104 1223 3160 atque
1243 3100 1284 3148 sic

178 3174 254 3222 Salsu.
272 3172 360 3235 igitur,
380 3173 448 3237 quod
471 3179 546 3221 vetos
565 3172 624 3222 cod.
644 3186 711 3235 proe-
750 3185 802 3220 non
827 3171 903 3220 modu
925 3171 1081 3234 principium
1103 3184 1188 3219 renum
1217 3171 1286 3221 hanc

179 3247 291 3309 ferebat,
309 3261 394 3296 veram
410 3249 547 3297 lectionem
560 3248 626 3296 hane
638 3246 711 3295 adse·
750 3260 852 3296 causam
864 3247 996 3308 statuerit,
1014 3247 1060 3294 sed
1080 3247 1159 3294 talem
1170 3259 1285 3309 causum,

178 3323 240 3382 ruit,
259 3323 326 3370 Unde
339 3323 417 3381 satur
435 3323 524 3371 mixtas
540 3337 617 3370 omnes
633 3325 710 3370 oleret
750 3321 818 3371 unde
838 3329 924 3370 motus
947 3320 1090 3381 exstiterit,
1108 3321 1151 3369 rel
1170 3321 1286 3376 exsistat

178 3413 264 3458 magno
275 3411 378 3458 corpore.
396 3397 473 3449 Quod
485 3412 500 3445 e
510 3397 628 3446 versibus
637 3398 711 3460 Virg.
749 3398 837 3447 rebus.
857 3398 940 3449 Sicuti
951 3404 979 3446 et
987 3399 1094 3447 Senecae
1105 3398 1177 3446 Deus
1187 3401 1195 3428 ‘
1205 3399 1284 3448 Mens

179 3473 273 3523 adlatis
285 3473 425 3521 deductum
434 3475 526 3535 etipse
538 3473 631 3522 voluit.
650 3476 712 3522 Grus
749 3473 860 3522 uniuersi
869 3475 876 3496 ’
886 3474 991 3523 dicitur.
1024 3473 1074 3522 Illa
1087 3474 1163 3522 Mens
1174 3474 1218 3523 uic
1230 3475 1283 3523 Ve-

178 3549 234 3606 erit,
251 3563 296 3612 quo
313 3563 351 3610 pr.
371 3564 401 3597 oe.
418 3550 535 3612 copularit
554 3549 658 3611 nuptias,
677 3549 711 3597 ad
749 3549 816 3597 ueris
827 3549 929 3597 nomine
942 3549 1090 3611 insignitur,
1099 3556 1126 3597 et
1135 3549 1211 3598 nimis
1223 3551 1289 3598 mol·

179 3638 238 3673 enm
250 3624 352 3674 modurn
370 3624 475 3686 dicitur,
485 3638 538 3687 quo
557 3622 626 3686 apud
638 3624 711 3672 Mar·
748 3623 815 3672 libus
825 3624 959 3673 versieulis
974 3624 1159 3672 delicatissimo
1170 3623 1284 3674 Auctori

179 3700 234 3749 tial.
248 3700 329 3749 ‘Cras
340 3705 367 3748 te
379 3699 520 3748 Caeeiliune
532 3712 583 3746 non
594 3697 686 3746 vocari
694 3701 710 3746 ι’
749 3698 914 3760 decantatur,
924 3706 953 3748 ut
965 3700 1019 3747 vult
1031 3699 1178 3759 ingeniosos
1189 3700 1284 3750 Barth.

180 3781 209 3823 et
219 3776 297 3823 Vorr.
320 3775 406 3830 ‘Cras
424 3775 511 3836 credo,
531 3773 608 3823 hodie
626 3772 712 3821 nihil:'
750 3772 783 3821 ad
793 3773 1082 3837 Clatrdian.uisipotius
1092 3781 1204 3824 ruentem
1215 3791 1286 3825 men·

180 3859 208 3901 ut
226 3858 254 3900 et
272 3852 341 3915 apud
352 3853 427 3901 Pers.
446 3853 504 3900 Sat.
516 3867 543 3900 r.
559 3850 636 3902 ι,ιιιιιι
655 3864 712 3898 cras
751 3849 784 3896 tis
797 3848 866 3898 illins
874 3849 961 3899 dicere
971 3850 1061 3900 lubeat
1068 3852 1207 3901 Venerem.
1218 3854 1285 3901 Tur·

181 3927 328 3976 hesternum
339 3925 558 3990 consumpsimus:
571 3938 631 3974 ecce
642 3923 713 3973 aliud
750 3925 809 3976 neb.
829 3925 862 3974 ad
882 3928 957 3974 Lucr.
970 3925 1080 3975 Advers.
1091 3927 1137 3974 lib.
1150 3939 1210 3978 xix.
1223 3942 1283 3991 cap.

184 4001 261 4051 cras.'
750 4006 791 4051 lo.
811 4001 969 4062 observarit,
987 4016 1037 4050 non
1059 4009 1159 4051 temere
1170 4002 1282 4053 Poetam

212 4081 243 4126 di
256 4079 311 4139 Ipso
320 4082 466 4138 oesosutqne
474 4081 573 4127 meatem
580 4079 714 4139 permeante
749 4077 830 4136 illum,
841 4092 898 4127 curn
911 4078 944 4127 de
955 4079 1050 4126 Rerum
1064 4078 1165 4127 Natura
1176 4091 1283 4128 carmen

180 4152 267 4213 spirito
280 4153 349 4202 lutus
359 4154 456 4203 occultis
471 4153 589 4216 nicanor
604 4166 713 4218 momen·
750 4165 864 4216 paupere
877 4152 966 4214 uellet,
983 4151 1110 4202 evenere
1122 4153 1286 4214 procreatio-1
