2752 4694
173 287 238 350 760
354 337 356 341 .
522 299 855 349 sornvsmonun
882 301 924 348 sn.

205 444 342 508 ulsplieot
357 457 423 494 ausas
443 443 545 492 eirestes
562 445 591 492 de
603 441 704 506 flagello
740 441 821 491 sidet.
854 441 931 492 Quod
940 448 1039 491 rectum
1049 455 1152 506 qnoque
1162 443 1273 506 putabet

135 520 136 529 ’
173 523 275 585 myrteo]
293 522 365 569 Bene
376 533 438 568 sane
451 519 488 568 ita
499 533 645 580 correxere,
655 535 703 582 pro
738 517 922 566 filinsDouza.=
950 518 988 567 Ar
1005 531 1066 566 vero
1082 518 1274 585 interpretatio,

171 611 260 658 maes:
277 611 340 661 quas
356 596 396 644 bic
413 595 491 645 etiam
508 595 615 659 praefert
631 610 704 645 meus
739 609 815 660 quam
832 595 1018 644 eruditissimus
1033 595 1184 645 adolescens
1199 597 1275 648 adbi-

175 671 273 722 Codex.
291 672 429 733 ‘Myrteas
440 669 527 720 casas’
540 668 607 720 infra
623 671 703 719 nomi·
739 671 795 732 bet,
813 671 921 721 frivola:
943 676 1065 734 surgentes
1078 672 1180 735 pupillas
1190 674 1274 724 inter.

174 747 256 804 norit,
273 746 398 796 ‘Floreas
415 746 484 796 inter
502 760 620 809 coronas,
636 761 704 810 myr·
739 754 860 810 protatur
877 754 1051 797 tumescentes
1063 761 1093 797 ao
1104 748 1276 814 sororiantes,

175 831 232 874 teas
243 825 311 872 inter
320 822 408 872 casas!
425 822 499 871 Sulm.
740 831 768 873 et
778 825 859 874 veluti
877 825 992 887 strophio
1012 825 1169 888 obnitentes,
1182 835 1275 891 atque,

205 903 223 948 9
238 898 253 927 ⁴⁹
272 897 336 947 liras
346 898 442 961 putrore
451 899 549 961 desaprr
558 898 604 946 bac
612 911 704 960 munseo
740 914 804 949 voce
816 901 972 962 Catulliana,
983 902 991 928 ‘
1003 901 1149 964 lucrantea'
1157 916 1276 967 quasque

172 974 238 1040 porrt'
248 976 276 1024 rie
284 974 365 1036 glore]
381 975 457 1023 Clare
468 975 494 1022 in
506 988 562 1023 meo
573 973 704 1037 exempla·
740 977 749 1003 ⁴
761 975 921 1025 borridulas’
942 977 1031 1025 Plant.
1043 976 1174 1026 Pseudolo
1185 984 1277 1039 vocat,

173 1050 206 1111 rl,
225 1051 291 1100 'ilinc
306 1051 428 1099 ersarede
443 1049 548 1112 superbo.
582 1049 640 1097 Hoc
658 1062 705 1112 pro
740 1050 928 1115 ‘Papillarum
955 1052 1144 1101 horridularnm
1168 1067 1277 1116 oppres·

171 1141 279 1188 erperae
291 1126 349 1175 Nec
358 1123 620 1188 sliamedicinaopns.
631 1123 705 1173 Idem
742 1126 884 1178 nunsula?
918 1129 983 1176 Mihi
997 1127 1117 1192 profecto
1133 1128 1174 1177 bae
1191 1129 1279 1193 papil-

175 1201 253 1249 etiam
272 1214 396 1262 expresse
416 1199 504 1264 habet,
513 1215 606 1263 mamea
621 1206 707 1262 pratas
742 1203 823 1250 larum
841 1203 1060 1266 oppressinnculae
1076 1217 1138 1252 vere
1156 1203 1278 1252 borridu-

173 1275 505 1339 globo,etFeeitandarrtem
517 1278 620 1327 Dionen.
649 1277 706 1326 Nec
743 1277 783 1327 le.
801 1277 857 1326 Nec
870 1279 925 1327 vult
936 1276 1035 1326 Auctor
1044 1283 1181 1341 surgentes
1191 1279 1279 1341 papil-

176 1352 246 1401 aliud
258 1352 433 1417 quarendum.
447 1354 455 1381 ‘
466 1354 593 1416 Spumeus
603 1352 706 1415 globns'
743 1353 783 1402 les
794 1353 827 1402 de
838 1354 946 1402 Favonii
957 1354 1052 1416 spiritu
1065 1355 1196 1403 Venerem
1207 1367 1284 1411 corn·x

177 1443 225 1491 pro
237 1444 326 1492 spuma
342 1429 367 1476 in
379 1430 484 1491 globum
495 1427 665 1489 conformata,
678 1435 707 1478 ut
745 1429 870 1492 pressisse
896 1436 923 1478 et
946 1430 1103 1479 sororiantes
1127 1429 1279 1480 codrcnisse

176 1518 247 1565 saepe
258 1502 358 1553 visitur.
385 1506 408 1552 E
422 1519 513 1568 spuma
531 1510 560 1552 et
582 1504 708 1568 sanguine
722 1542 726 1549 .
745 1504 867 1567 strophiis
879 1505 1012 1555 autnonis.
1040 1506 1130 1569 Longe
1143 1504 1214 1554 aliud
1225 1513 1279 1567 est,

178 1580 424 1630 CoelinataVeuns.
450 1580 708 1644 Fecit,procreavit.
745 1579 866 1643 qnodbic
883 1579 958 1629 latet.
990 1581 1084 1629 Melius
1106 1595 1148 1630 me
1169 1581 1280 1644 divinet,

178 1656 222 1706 Sic
232 1654 300 1705 int'ra
314 1656 347 1706 dc
364 1659 432 1707 Rosa
448 1673 481 1707 ex
499 1656 590 1707 eodem
607 1657 708 1719 codice,
746 1654 790 1717 qui
801 1669 829 1702 se
845 1655 870 1704 id
888 1671 962 1718 posse
973 1662 1070 1720 speret.
1103 1655 1176 1705 Dicit
1186 1657 1279 1719 igitur,

177 1732 278 1783 ‘Facta
294 1731 328 1781 de
345 1734 454 1783 cruore!
479 1733 629 1782 idiotismus
639 1732 708 1781 illins
747 1731 827 1779 Rosas
845 1740 980 1794 surgentes
1003 1733 1036 1781 de
1056 1732 1164 1782 Favonii
1182 1732 1281 1795 spiritu

178 1808 237 1858 sevi.
280 1807 323 1856 Sic
344 1808 414 1870 apnd
433 1808 570 1857 Scholiast.
587 1807 708 1859 Juvenal.
745 1806 874 1854 Venerem
891 1807 986 1856 ussisse
1005 1808 1103 1857 mantis
1117 1807 1170 1856 suis
1190 1807 1282 1857 imbri·

176 1882 223 1932 ‘Si
236 1890 289 1933 tres
301 1883 395 1933 liberos
406 1881 518 1946 fecerit,'
529 1897 576 1946 pro
588 1897 709 1946 procrea
747 1881 830 1942 bns‚'
824 1898 850 1932 sn
865 1884 934 1933 hunc
950 1892 996 1934 aot
1015 1885 1086 1935 illum
1103 1882 1184 1934 nsum.
1204 1885 1279 1933 ‘Pa-

178 1959 263 2008 rasit'
278 1960 353 2009 Idem.
747 1957 832 2020 pillae'
848 1966 908 2008 snnt
920 1974 1033 2010 rosarum
1045 1960 1175 2022 alabastri,
1184 1965 1214 2008 et
1224 1973 1280 2022 prr

211 2035 286 2098 ltin]
314 2037 379 2085 Cum
400 2015 523 2086 diserte'
517 2049 543 2085 rn
564 2035 710 2099 Pytboeano
747 2048 789 2083 rna
800 2049 924 2096 germina
957 2036 1000 2085 De
1012 2035 1104 2100 qmbus
1115 2035 1248 2084 ubertim
1242 2049 1283 2083 rn·

177 2111 288 2173 legatur,
299 2111 391 2173 Dione,
413 2111 516 2161 ridetur
532 2109 642 2159 fortasse
658 2125 710 2159 me·
747 2109 798 2160 t‘rs.
820 2111 897 2160 Nunc
908 2125 940 2160 ea
951 2126 1007 2175 qnae
1020 2111 1140 2160 videntur
1151 2111 1280 2161 obscuris·

179 2187 238 2245 lius,
256 2189 315 2236 Tam
330 2201 412 2235 msere
429 2189 459 2234 de
475 2201 574 2251 superno
591 2200 710 2249 murreum
747 2185 1013 2246 sima,rllustremus
993 2202 1014 2235 sr
1025 2186 1081 2235 fieri
1093 2189 1188 2250 potest.
1217 2187 1280 2250 Lip-

179 2263 254 2312 Posti
273 2263 370 2325 globum
392 2263 497 2311 Ceratas
515 2261 579 2310 inter
595 2266 711 2322 catervas,
748 2259 800 2309 sins
821 2275 853 2310 ex
875 2261 978 2311 scbcdis
1008 2262 1158 2325 Pythoeanis
1184 2261 1280 2324 edidit,

178 2340 243 2389 inter
253 2345 277 2388 et
294 2339 387 2402 bipedes
407 2353 484 2399 equos,
506 2337 571 2385 Fecit
583 2338 710 2385 undantem
751 2336 843 2397 Urgaet
861 2339 887 2386 in
906 2343 969 2387 toros
981 2337 995 2367 ⁸*
1005 2343 1095 2400 pentes.
1129 2339 1165 2386 Et
1176 2344 1281 2386 trunca·

178 2415 258 2464 Dicae
269 2417 298 2464 de
308 2413 402 2463 maritis
411 2411 534 2461 imbribus.
567 2411 594 2458 Si
606 2411 648 2458 cui
659 2409 711 2458 dis·
748 2417 800 2459 tam
812 2427 901 2462 rocem
913 2415 1055 2463 arbitratus
1073 2413 1220 2476 rescripsit,
1229 2413 1281 2461 tito·

180 2491 285 2553 plicent,
305 2489 382 2550 Fecit,
399 2490 479 2550 legat,
498 2497 608 2535 menon
626 2485 711 2535 admo·
748 2501 786 2534 ros
802 2492 912 2550 tepenter.
944 2489 1006 2551 lpse
1028 2490 1163 2552 Pytboena,
1178 2489 1206 2536 in
1225 2488 1281 2536 edi·

180 2566 241 2615 dnm
251 2566 418 2624 reclamante,
431 2563 513 2611 Exeit.
528 2561 612 2610 Seria.
748 2564 818 2614 tione
831 2566 951 2614 Mamerti
959 2565 1181 2627 Patissonii,totos
1189 2570 1281 2626 pestes,

213 2646 244 2690 lt
253 2642 419 2703 lpsagemmas
424 2635 603 2700 purpurantem]
614 2635 711 2686 Noster
748 2645 777 2688 et
787 2640 907 2703 conjecit,
924 2645 987 2689 toros
1003 2646 1129 2704 stupentes.
1162 2641 1219 2703 Ego
1236 2641 1282 2689 ali-

181 2716 280 2778 codex,
289 2714 397 2778 gemmis,
407 2728 455 2778 pro
463 2712 584 2776 gemmeis.
601 2713 678 2762 Salm.
748 2715 851 2780 qnando
879 2716 1046 2779 somniabam,
1070 2720 1133 2764 toros
1160 2721 1288 2779 parentes,

213 2792 270 2855 lpsu
283 2791 383 2854 gemmis
395 2794 565 2854 perpetientem
579 2788 660 2852 pingit
669 2805 712 2838 an·
749 2791 791 2839 vel
801 2796 912 2854 tepentes.
931 2792 1059 2856 Quicquid
1070 2792 1282 2855 conjecturarum

180 2881 236 2917 ram
254 2866 366 2932 fioribus]
389 2867 425 2915 Et
445 2865 487 2915 bic
505 2870 612 2929 poterat
623 2865 712 2926 scribi,
749 2865 1073 2928 hactennsadlatum,non
1084 2867 1213 2916 convenit.
1234 2867 1283 2917 Vi-

181 2945 239 3005 Ipso
245 2943 368 3006 gemmeis.
392 2943 428 2991 Et
438 2941 508 3005 apud
520 2941 647 2992 Prudent.
657 2941 714 3006 napi
750 2938 866 3004 deumne,
876 2956 908 2990 au
928 2940 992 2991 ferri
1008 2949 1036 2991 et
1055 2941 1181 3006 explicari
1197 2943 1283 3004 possit

181 3023 256 3081 ΣτεφἸ
272 3018 378 3083 Hymno
393 3031 413 3068 r.
430 3016 553 3082 ‘Scripta
572 3024 632 3068 sunt
648 3020 713 3068 coelo
749 3015 882 3079 scriptura
889 3016 986 3066 codicis
999 3017 1078 3066 Salm.
1093 3017 1171 3077 Urget
1180 3013 1207 3065 irs
1215 3023 1284 3066 notos

183 3094 291 3144 duorum
308 3094 456 3158 Martyrum
473 3093 713 3155 vocabula,Anreis
747 3096 849 3154 penates.
878 3091 1084 3159 Amicocnidam
1099 3107 1157 3142 meo
1171 3094 1197 3141 iu
1210 3107 1284 3142 men-

183 3185 240 3234 quae
258 3171 375 3221 cbristus
390 3168 444 3218 illic
460 3169 593 3220 adnotavit
609 3168 715 3232 litteris,
751 3173 806 3218 tem
817 3170 946 3231 veniebat,
968 3171 1045 3231 Urget
1058 3169 1084 3218 irs
1099 3172 1283 3221 nodoeteaares

180 3246 335 3310 §anguineis
346 3245 413 3294 notis
428 3250 456 3294 et
471 3243 540 3294 idem
551 3245 652 3310 scripta
662 3252 714 3294 ter·
751 3243 830 3295 Certe
841 3246 961 3296 librarius
970 3247 1014 3295 ille
1022 3252 1088 3296 actos
1097 3247 1193 3311 ubique
1202 3249 1284 3312 scrip-

182 3319 357 3372 ristradidit!
382 3321 612 3386 Pro,‘Sangninis
627 3322 713 3374 notis)
750 3321 786 3371 sit
794 3336 843 3384 pro
852 3323 925 3370 nodo
941 3321 984 3371 Sro
992 3320 1188 3385 disertelnfl'a,
1196 3323 1285 3373 Unico

183 3399 261 3450 Seria
750 3397 845 3446 marita
855 3404 918 3447 noto
929 3411 979 3446 uon
992 3397 1102 3460 pudebit
1111 3398 1231 3447 solvere
1249 3398 1284 3448 Id
1367 3392 1369 3396 ’

216 3479 249 3529 14
264 3476 322 3539 Ipsa
332 3481 454 3538 mester
468 3475 571 3539 popilius
583 3477 612 3524 de
624 3475 715 3525 Fauoni
752 3473 820 3535 sst,‘
830 3470 917 3534 nodo,'
928 3473 1057 3535 quomodo
1068 3479 1110 3522 est
1124 3472 1151 3521 in
1162 3473 1286 3536 Pythea-

181 3550 276 3614 epiritu.
301 3552 422 3614 Urguet'
412 3567 439 3600 m
458 3557 526 3600 sotor
542 3551 715 3614 pesutes]1ta
750 3562 793 3597 no.
809 3548 1237 3611 Et,‘1psajussit,manentute,
1239 3551 1285 3600 ’id

183 3630 262 3691 clare,
274 3628 307 3676 de
324 3629 402 3692 plano
420 3634 451 3676 ut
469 3626 520 3691 legi
538 3628 630 3689 possit,
647 3627 714 3678 Msc.
751 3629 801 3687 ast,
823 3622 919 3675 ‘udae'
951 3625 1017 3675 Qua
1036 3625 1167 3688 scriptura
1187 3627 1285 3678 clamat

182 3705 261 3755 Salus.
286 3703 490 3768 Corruptissima
508 3703 565 3751 haec
584 3702 610 3750 in
630 3716 714 3752 cxcm·
752 3705 825 3748 recte
853 3698 994 3762 conjecisse
1020 3700 1136 3750 Douzam
1164 3708 1284 3764 patrem:

183 3779 248 3843 plari
275 3780 427 3843 Pytboeano.
460 3782 582 3838 turgentes
614 3779 716 3841 pupillas
751 3775 1150 3839 cnmlegeretur,‘manetnre.'
1171 3777 1285 3828 Videad

183 3857 254 3920 Lips.
275 3857 358 3918 molit,
376 3861 412 3918 et,
430 3854 473 3919 qni
495 3855 583 3918 Lipsio
600 3856 658 3905 heic
677 3857 715 3906 ni.
752 3855 842 3908 vett.
864 3851 944 3900 Nodos
952 3856 1045 3901 tenaces
1056 3851 1204 3916 accipiebat
1213 3854 1286 3904 idem

184 3934 263 3982 mium
274 3933 374 3994 tribuit,
385 3931 464 3994 Pytlr.
480 3931 594 3980 Frustra·
627 3933 715 3984 Quen·
752 3929 925 3993 strophiorum
941 3936 970 3978 et
992 3943 1129 3978 nouarum:
1147 3929 1175 3978 in
1192 3929 1287 3981 eodem

184 4025 259 4074 quam
271 4024 322 4059 non
333 4007 495 4071 displiceret,
504 4011 635 4070 turpentes,
645 4007 666 4057 si
677 4009 716 4059 ita
753 4006 904 4076 arridetur
925 4006 996 4054 lecto
1015 4004 1131 4053 eruditos
1153 4020 1211 4055 cum
1231 4005 1287 4058 filio

183 4084 251 4134 liber
260 4092 335 4134 vetus
345 4082 471 4133 baberet:
490 4097 549 4134 cnm
561 4083 715 4137 babeatsar-
752 4083 854 4142 Donza,
874 4087 902 4130 et
919 4080 1075 4144 papillarum
1094 4081 1287 4134 borridnlernm

183 4165 275 4224 pestes,
285 4160 312 4211 id
324 4159 487 4214 retinendum
504 4173 561 4213 osse
576 4173 653 4212 nemo
664 4175 715 4218 non
753 4159 957 4224 oppressoribus.
982 4160 1089 4214 Nullum
1097 4161 1160 4211 mibi
1170 4161 1288 4226 dubium,
