2752 4694
172 323 238 389 486
423 340 463 388 u.
489 340 524 386 ι.
550 337 697 386 nunant
722 338 1025 389 counauusnrus

129 533 137 546 ,
202 481 325 530 reuma
337 478 705 544 Veserisfflonestmetiegi·
743 478 1275 545 itliusinterpretationemapposui,siquis

173 556 254 605 timae.
742 554 811 606 forte
831 557 869 606 sic
887 558 989 622 quoqu'e
1008 556 1273 606 eamtenereruaiiet.

205 635 236 680 bl
249 628 384 692 Tremulus]
400 630 495 681 Seuer.
696 662 700 673 ·
774 631 1031 696 obsequitent.

172 742 175 747 ,
204 710 236 755 67
252 704 360 768 zonara]
383 707 425 755 De
439 707 489 756 boc
506 704 570 766 ritu,
587 705 639 754 aiio
650 705 706 768 jara
774 710 807 756 bt
827 707 961 771 Floridum]
982 706 1093 772 ’scupus
1114 705 1277 770 ἆιμιζσυσαν,

171 781 231 830 meo
255 779 375 830 diximus·
418 783 516 831 Versus
547 787 644 843 autem,
662 782 706 845 qui
742 777 914 845 formantque
926 783 1127 844 atateintegra.
1263 824 1271 839 ,

171 856 289 920 proxime
299 863 448 920 sequuntur,
457 859 494 907 ita
502 858 595 921 scripti
607 864 668 907 sunt
679 858 706 907 in
742 891 745 896 -
774 861 807 906 ⁵9
826 857 916 920 Dedin]
949 858 1013 908 Pius
1031 857 1154 922 quiddam
1172 862 1214 907 est
1229 858 1276 907 de·

172 934 301 993 munibus,
319 949 383 998 quos
402 949 451 997 ego
467 935 571 998 quidem
587 935 706 999 viderim,
742 931 816 991 dere,
827 946 902 997 qnam
921 932 994 982 dare.
1026 935 1127 983 Damus
1145 934 1225 984 etiam
1237 948 1279 983 re-

168 1009 260 1059 libris:
278 1011 311 1059 Tc
329 1011 416 1074 timens
430 1011 515 1074 cepido
531 1026 601 1061 nouos
617 1013 705 1075 Guptut
742 1007 862 1070 cepturi:
891 1005 1008 1057 dedimus
1028 1022 1060 1057 ea
1081 1008 1196 1071 demum,
1215 1023 1276 1074 quoe

170 1085 344 1135 memoritur.-
352 1071 706 1151 idquetauquamiutegrum,
741 1083 858 1131 rotumus
870 1082 1010 1146 accipienti
1021 1085 1128 1148 propria
1139 1098 1170 1134 nc
1181 1098 1278 1149 perpe-

170 1176 258 1212 omnes
273 1162 493 1225 interpretantur:
512 1163 619 1213 Pnelias
634 1163 705 1213 ride·
742 1164 788 1209 tua
798 1158 864 1211 fleri.

169 1238 233 1288 iicet
243 1243 400 1301 metuentes,
413 1253 447 1287 oe
457 1238 484 1286 iu
501 1238 582 1288 malos
597 1239 744 1287 maritos
771 1238 805 1283 67
827 1235 918 1284 Parem
934 1234 1019 1299 Stirpc
1033 1236 1119 1299 dicier]
1140 1237 1276 1288 Juriscou-

169 1313 297 1374 incidant,
311 1313 408 1376 cupide
423 1313 579 1375 auscultare,
590 1327 648 1362 cnm
662 1327 705 1375 pa·
741 1311 804 1361 sulti
815 1311 884 1360 enim
894 1311 1138 1399 tmdunt,pareutes
1147 1327 1276 1379 nusquam
1299 1304 1303 1309 ’

168 1395 260 1439 rentes
269 1388 303 1437 de
320 1388 469 1451 adoptando
480 1386 529 1436 sibi
547 1402 643 1451 genero
660 1388 705 1436 ali·
741 1394 825 1437 certos
837 1387 960 1450 erse,uiri
973 1388 999 1436 iu
1014 1389 1119 1452 nuptiis.
1151 1389 1277 1439 At'l'ete·

167 1481 224 1533 qno
236 1467 317 1516 uerba
328 1466 439 1516 faciunt.
466 1465 508 1515 Ac
518 1467 624 1515 memini
635 1466 706 1531 cqui-
741 1463 846 1513 machus
857 1464 902 1513 iiie
912 1464 1065 1514 Homericus
1074 1479 1107 1513 ue
1115 1465 1154 1514 sic
1162 1465 1277 1530 quidem.

168 1543 706 1606 dem,L.²Memmium1·'remiotum,uo·
743 1566 746 1573 ·
774 1540 867 1588 Porcus
882 1538 977 1603 Stirpe]
1008 1541 1051 1590 Sic
1069 1542 1170 1590 locutus
1185 1548 1227 1591 est
1244 1548 1276 1599 et

169 1619 335 1682 uilissimum,
351 1632 499 1682 summoque
517 1618 654 1681 praeditum
669 1619 705 1667 in·
741 1615 833 1679 vngu.
850 1615 978 1680 ‘pulchra
994 1614 1076 1666 faciat
1092 1622 1118 1667 to
1135 1615 1209 1681 prola
1229 1631 1276 1681 pa·

170 1695 247 1758 genio
255 1693 457 1755 adolescentem,
467 1707 525 1741 cum
536 1693 585 1743 boc
593 1693 704 1742 Carmen
743 1689 866 1740 rentem?

170 1784 223 1819 una
234 1770 422 1833 evolveremua,
433 1769 493 1817 mibi
510 1768 608 1830 dicere,
623 1774 704 1818 etto·
773 1768 804 1814 71
820 1765 937 1821 Quoetua’s
949 1770 1030 1815 cureat
1038 1766 1125 1830 mcru's]
1145 1766 1196 1818 Qut
1208 1767 1277 1816 coeii·

169 1845 299 1895 tambanc
314 1844 467 1898 seutentiam
483 1859 641 1908 magnopere
659 1843 704 1893 iri·
738 1840 788 1893 bes
811 1848 880 1904 snut,
899 1857 943 1891 eos
963 1842 1101 1891 verisimile
1124 1849 1165 1892 eat
1191 1842 1276 1892 minus

171 1920 267 1984 gitium,
281 1925 309 1968 et
323 1919 435 1969 subitam
451 1921 522 1969 iliam
540 1935 704 1970 numerorum
740 1917 854 1966 solicitos
871 1931 929 1966 esse
945 1916 978 1965 de
993 1917 1060 1980 Rep.
1071 1931 1146 1981 quam
1163 1929 1217 1978 eos,
1228 1918 1276 1981 qni

167 1997 399 2047 commutationem
415 1996 464 2045 sibi
481 1996 557 2045 valde
575 1997 704 2046 inconcin·
741 1998 768 2043 et
780 2007 872 2042 uxores
889 2001 917 2042 et
928 1992 1276 2057 tiberosbabeut,inquibus

170 2071 378 2135 narn,'vaideqne
390 2086 406 2119 a
417 2071 507 2134 lepore
518 2071 593 2134 hujus
611 2071 703 2122 Poe'tae
742 2070 852 2134 quodam
864 2072 940 2121 modo
946 2071 996 2135 ipsi
1006 2071 1188 2135 periclitentur
1196 2087 1204 2131 3
1212 2086 1277 2137 quo·

168 2150 279 2201 alienum
301 2148 398 2206 videri;
423 2161 507 2211 neque
527 2146 651 2195 dubitare
666 2161 704 2206 se,
741 2160 850 2209 rumque
872 2147 986 2195 omnium
1009 2147 1120 2195 satutem
1139 2147 1166 2195 in
1189 2147 1275 2196 sainte

170 2226 232 2290 quin
257 2227 331 2275 iocus
358 2228 495 2286 corruptus
520 2227 606 2272 esset:
633 2221 703 2286 qnod
742 2220 846 2283 publica
867 2220 1014 2283 intelligant
1036 2221 1179 2271 contineri:
1204 2221 1276 2285 unde

170 2317 228 2352 cum
240 2301 299 2351 mibi
309 2315 410 2365 quoqne
420 2300 475 2349 brec
483 2298 608 2349 scribenti
618 2299 704 2349 venis·
737 2297 768 2357 ,in
779 2297 868 2347 moitis
879 2297 1029 2347 civitatibus
1046 2298 1125 2360 Resp·
1137 2295 1275 2347 caelibibus

171 2383 211 2424 set
220 2377 245 2423 iu
255 2380 385 2435 mentem;
398 2376 596 2438 coepissemque,
604 2375 704 2424 meber-
741 2374 870 2423 committi
886 2388 936 2422 uon
948 2373 1058 2423 solebat.
1092 2373 1170 2437 Apud
1182 2374 1276 2425 Massi·

170 2451 228 2500 onie
240 2450 320 2513 ipsius
333 2449 450 2498 Memmii
461 2463 553 2497 caussa
569 2450 646 2512 panio
662 2464 705 2498 ac·
740 2451 835 2501 lieuses
842 2450 953 2515 quidem,
962 2452 1167 2516 quorumcivites
1174 2452 1275 2521 optime

170 2525 294 2585 curatius,
307 2524 339 2572 de
350 2525 399 2572 boc
411 2528 467 2572 toto
478 2523 612 2586 cogitare;
630 2539 705 2587 repe·
741 2532 887 2590 temperata
914 2528 973 2576 olim
1004 2526 1081 2577 fuisse
1112 2527 1276 2591 perhibetur,

170 2601 235 2651 risse
247 2598 346 2660 uideor,
354 2613 406 2662 quo
417 2597 493 2647 modo
505 2597 612 2648 minima
622 2607 706 2648 muta·
742 2603 848 2652 timucbi
860 2618 917 2652 esse
928 2617 980 2652 nou
992 2608 1122 2667 poteraut,
1132 2603 1181 2652 nisi
1192 2603 1275 2668 quiet

172 2676 244 2725 tione
263 2674 335 2725 iocus
355 2675 458 2735 integer
475 2672 531 2723 fiat.
564 2674 607 2723 lta
626 2675 705 2738 igitur
741 2693 848 2727 uxorem
875 2678 1000 2727 baberent
1028 2683 1057 2726 et
1084 2678 1190 2727 liberos.
1215 2676 1275 2727 fieri

169 2750 309 2814 legendum
332 2755 408 2813 puto,
424 2749 470 2799 tibi
492 2750 597 2812 uirgines
613 2752 705 2801 Zmuio
742 2753 950 2817 potest,utidem
959 2753 1275 2803 Romaniobservaverint

62 2886 65 2890 ‚
168 2828 358 2886 coloratorum
383 2827 414 2876 Tc
429 2827 522 2878 timent.
537 2829 622 2892 cupida
635 2845 705 2892 novos
741 2829 831 2890 iniis,
853 2828 1108 2893 quosprresidesin
1129 2828 1274 2891 provincias

172 2904 262 2966 Cuptut
281 2917 339 2952 aura
358 2902 465 2952 inanitus.
492 2909 521 2951 ut
543 2917 632 2953 seusus
655 2906 703 2956 sit:
740 2905 885 2955 mitterent.
919 2903 1007 2968 Atque
1024 2905 1154 2966 haec,etoi
1172 2911 1274 2954 tantuna

168 2980 238 3028 Dum
264 2994 358 3043 vesper
387 2979 478 3043 instat,
506 2994 557 3044 quo
585 2987 704 3044 tempore
741 2981 893 3044 conjectura
912 2980 1039 3042 nituntur,
1058 2988 1145 3029 tamen
1162 2981 1273 3043 aptiora,

168 3056 326 3118 Hymenaeus
343 3055 447 3116 caui‚et
458 3057 551 3119 pueliae
564 3057 588 3105 iu
599 3058 705 3108 marito·
742 3055 768 3103 ni
785 3053 871 3117 failor,
881 3061 940 3103 runt
956 3054 990 3103 ad
1005 3055 1073 3104 bunc
1084 3055 1179 3115 iocum,
1196 3069 1274 3123 quam

167 3146 225 3181 rum
238 3131 551 3196 domoaperducisolent,
568 3135 703 3197 trepidare
742 3146 800 3195 quie
829 3133 863 3181 de
886 3138 1067 3218 patrepatrato
1088 3138 1117 3180 et
1136 3131 1273 3180 socialibus

168 3209 246 3269 ipsus,
264 3214 410 3261 metuentes
427 3209 534 3271 primam
553 3210 623 3259 illam
642 3225 704 3260 con
741 3206 882 3269 Guarinus,
894 3207 976 3270 etqui
987 3219 1045 3254 eum
1062 3206 1145 3255 secuti
1156 3213 1225 3270 aunt,
1236 3214 1273 3256 at·

169 3281 346 3344 grossiorem·
363 3283 472 3331 maritos
491 3291 592 3345 contra,
609 3286 702 3347 quibus
741 3282 866 3332 tulerunt

170 3357 253 3407 omnis
284 3372 356 3406 mora
382 3359 460 3421 longa
487 3359 532 3421 sit,
556 3359 703 3424 quibusque
771 3361 803 3406 77
820 3357 986 3421 Virgoudest]
1011 3358 1044 3408 Id
1055 3362 1104 3423 est
1114 3373 1175 3408 rnox
1185 3359 1273 3424 prodi

170 3434 275 3496 longum
287 3433 414 3497 videatur,
424 3433 483 3482 dum
501 3435 553 3484 sint
564 3449 622 3484 cum
635 3451 703 3485 amo·
741 3438 800 3482 tura
811 3440 861 3482 est.

168 3508 241 3557 ribus
268 3509 329 3570 suis,
350 3515 421 3558 stare
451 3510 559 3559 attentis
587 3510 703 3573 eruribus,
772 3511 802 3556 81
817 3510 937 3570 ingenuus
949 3508 1037 3573 pudor]
1055 3509 1126 3559 Nihil
1142 3511 1272 3574 est,quod

169 3583 387 3648 cupidissimeque
402 3591 556 3649 expectare,
566 3585 627 3634 dum
638 3586 701 3636 iilud
740 3586 819 3650 magis
847 3589 1014 3651 juventutem
1050 3589 1154 3650 deceat,
1194 3604 1272 3653 quarn

169 3659 244 3724 quasi
269 3659 381 3708 Venerei
403 3657 537 3710 conflictus
565 3662 702 3711 classicum
738 3661 858 3711 bouestns
877 3664 976 3727 pudor:
1001 3666 1100 3729 itaque,
1111 3670 1139 3713 et
1154 3665 1193 3713 Μ.
1204 3665 1272 3715 Cato

71 3753 72 3756 ¹
167 3738 296 3795 audiatur.
329 3737 501 3800 Porroquod,
516 3738 701 3801 uooosmnsa‘tos,
739 3736 853 3818 dicebat,
869 3739 996 3801 ‘placere
1016 3739 1065 3787 sibi
1082 3739 1205 3803 juvenes,
1227 3741 1272 3804 qui

166 3815 274 3878 antique
284 3825 331 3875 pro
339 3812 525 3873 ammaricus,
536 3811 635 3862 dictum
644 3820 700 3874 est,
738 3813 991 3876 erubescerent,non
999 3814 1273 3878 quipaiiescerent.’et

134 3892 136 3894 ’
167 3902 224 3941 eam
242 3887 321 3937 fuisse
339 3886 499 3949 depravandi
518 3888 569 3936 ioci
586 3889 700 3939 occasio·
737 3889 870 3951 Diogenes
882 3888 1054 3939 verecundum
1065 3889 1137 3938 iilum
1149 3891 1272 3942 ruborem

167 3976 226 4011 nem
249 3968 321 4025 puto·
365 3962 519 4024 Quanquam
541 3969 627 4012 autern
649 3978 700 4025 uon
738 3963 844 4012 virtutis
865 3978 923 4012 esse
954 3963 1075 4013 dicebat:
1104 3971 1133 4014 et
1152 3966 1272 4030 Pythias,

168 4037 328 4098 dubitabam,
339 4037 402 4102 quin
413 4037 600 4099 excoriatione,
611 4054 699 4089 omues
735 4034 886 4088 Aristotelis
903 4037 966 4100 iilia,
976 4038 1150 4109 interrogata⁸
1159 4041 1204 4105 qui
1221 4042 1271 4092 sibi

168 4112 379 4175 mibi-lepidiores
390 4112 507 4163 bomiues
519 4115 648 4162 assensuri
660 4129 700 4177 es·
730 4113 810 4171 ,color
832 4112 965 4163 uideretur
990 4112 1186 4177 pulcherrimus,
1210 4131 1271 4169 eum

167 4193 226 4238 seut
236 4194 336 4248 3tamen
347 4195 376 4239 et
385 4189 505 4241 usitatam
514 4190 664 4256 lectionem,
672 4197 700 4243 et
737 4189 882 4255 respondit,
899 4189 942 4255 qui
954 4190 982 4241 iu
993 4190 1112 4254 ingenuis
1123 4205 1157 4241 ex
1169 4190 1271 4255 pudore
