2752 4694
408 323 448 371 ur
473 321 637 373 curuum
661 321 819 370 caasser
846 321 955 370 nxrrr.
1172 305 1236 371 ber

132 467 272 529 uolutus,
283 467 312 514 et
326 462 395 531 quod
405 462 486 514 initiis
497 461 568 527 pacis
580 459 665 513 iudas
702 462 843 513 lamuelem.
876 462 1017 527 Guarinus,
1027 477 1076 514 uec
1092 462 1109 513 ii
1125 463 1170 528 qul
1181 465 1240 530 ejas

132 557 192 596 euru
204 540 307 602 teritur,
318 553 413 603 porcus
424 537 573 589 occiditur.'
605 538 665 591 Quo
704 548 802 590 sectam
814 539 897 588 secuti
909 546 977 600 sunt,
993 554 1046 590 nou
1063 539 1184 590 viderunt
1194 540 1240 592 ds·

132 619 214 681 ‚serbo
225 631 295 681 saepe
306 617 388 666 ulitur
397 614 484 666 Julius
497 613 626 663 firmicus
638 614 665 662 iu
703 616 811 666 sidersri
823 615 916 679 pedem
932 615 965 664 ad
981 624 1126 667 extremum
1136 616 1240 668 l'rlbra·

131 694 269 747 Proceniis
287 692 331 743 lib.
349 706 376 742 r.
394 705 431 742 vr.
446 704 507 741 vrrs.
535 689 666 741 Arnobius
704 693 780 756 clun,
801 707 849 755 pro
871 705 922 755 quo
945 691 1107 755 Pyrricblum
1130 693 1236 754 locante

131 770 177 821 lib.
188 782 217 820 r.
248 767 325 821 Unda
341 767 420 832 igitur
437 766 574 832 probamus
587 766 666 816 bisto-
704 769 819 820 etiamsi
837 782 886 817 nec
903 767 971 816 iilam
991 768 1007 815 S
1024 767 1239 818 literariurerbe

131 847 184 896 rias
193 845 241 896 iras
251 857 341 895 omues
354 857 416 894 esse
430 857 516 893 rerum
535 850 666 905 gestarum
703 846 783 894 erube
794 843 927 893 elisionem
940 842 1015 892 valde
1027 842 1119 906 probo.
1150 844 1187 893 At
1198 858 1239 908 aa,

131 919 358 985 sumptiones?
375 919 416 969 Ex
431 918 599 968 sollemnibus
616 917 666 968 rci-
705 936 763 987 quaa
776 920 867 970 lumin
879 920 1070 983 manuscriptis,
1080 927 1135 970 turn
1145 935 1203 985 ans
1212 921 1238 970 iu

131 998 197 1051 licet
212 996 304 1058 narb,
321 1001 401 1060 atque
420 994 551 1045 initiorum
572 999 666 1058 myste-
704 996 835 1061 impressis
852 997 924 1046 libris
943 996 1024 1046 lectio
1042 1001 1092 1056 est,
1110 996 1239 1060 legitinus

130 1074 188 1138 riis,
202 1075 244 1125 rel
261 1087 321 1137 qaae
337 1072 413 1124 statis
429 1071 496 1122 liunt
508 1071 666 1136 temporibus
705 1073 781 1137 liujus
793 1072 920 1123 Carminis
931 1086 1051 1122 numeros
1066 1072 1179 1134 rubruit‚
1200 1078 1240 1123 st»

132 1165 164 1200 ac
174 1150 276 1214 diebus,
287 1151 329 1199 rel
341 1163 398 1215 quas
414 1148 441 1198 in
458 1147 548 1199 abdito
559 1147 667 1198 tradunt
705 1164 756 1214 que
768 1151 879 1199 evertit:
896 1149 985 1214 itaque
997 1151 1066 1200 etde
1079 1149 1166 1213 priore
1176 1148 1239 1200 ntur

74 1249 78 1257 ·
130 1228 237 1297 genitis.
272 1226 350 1277 moria
376 1225 475 1291 proprii
502 1225 667 1290 proprietate
705 1225 831 1286 editione,
853 1233 881 1276 et
903 1225 935 1274 dc
964 1226 1146 1289 manuscriptis
1168 1227 1238 1292 qnod

130 1309 245 1354 senatu
260 1302 358 1354 sorcin
369 1301 414 1352 lib.
423 1316 452 1351 v.
468 1301 595 1351 ‘Interim
606 1316 667 1352 con·
703 1301 866 1351 commodum
876 1302 959 1351 risum
978 1308 1018 1351 cst
1034 1315 1154 1365 carpens,
1165 1315 1213 1353 uec
1224 1316 1242 1351 a

130 1380 229 1431 citatur
238 1385 266 1428 et
276 1377 330 1428 dua
339 1378 395 1442 eiras
407 1376 557 1428 Alcibiades
572 1377 666 1427 absens
705 1378 938 1442 manuscriptorum
946 1376 1059 1428 lectione
1066 1377 1239 1442 lungcabisn

129 1455 243 1505 Athenis
261 1453 433 1515 insimulatur,
450 1453 577 1517 mysteria
590 1454 667 1503 Cere·
705 1468 806 1503 versum
826 1452 1008 1516 conficiebam,
1024 1454 1150 1519 quasique
1165 1468 1240 1505 uun·

128 1530 666 1596 &initiorumsacramnllornagisquam
704 1530 854 1594 pingebam,
875 1528 1004 1594 quomodo
1022 1529 1134 1580 Politum
1154 1531 1239 1596 ipsun

129 1606 236 1658 silautlo
244 1605 373 1656 solemnia
383 1605 576 1656 enuntiamus!
703 1606 838 1671 scripsisse
849 1605 1010 1670 suspicabar,
1021 1604 1152 1670 lucraque
1165 1606 1241 1671 pain

164 1687 197 1732 lt)
214 1682 378 1746 Qrssts'enaqar
395 1687 464 1744 terge
485 1682 562 1746 tcum]
592 1682 667 1747 'l'yur-
702 1683 761 1744 pede
781 1681 857 1730 exilio
877 1683 928 1730 locu
948 1681 1025 1731 celeri.
1071 1682 1139 1731 Nam
1168 1681 1239 1746 qaod

128 1772 228 1824 panum
238 1759 334 1823 ipsum.
351 1758 667 1822 Orid.in1bin,‘Attu·
703 1757 794 1809 Galles
815 1757 889 1808 Attis
913 1771 1055 1823 properare
1071 1757 1163 1822 jubet,
1183 1756 1241 1808 Tri·

127 1835 253 1898 ultusque
268 1848 352 1897 seces,
362 1841 392 1884 ut
403 1849 466 1900 quos
477 1834 604 1898 Cybeleia
614 1850 667 1884 rua·
704 1834 801 1899 bracby
821 1834 946 1884 citissimo
969 1834 1046 1898 pede,
1063 1833 1160 1900 quibua
1176 1834 1240 1887 loch

129 1909 667 1975 terlncitat,ad1’urygiosvlliamembra
702 1914 798 1977 potuit,
821 1928 923 1964 verrem
943 1913 1029 1963 Poita
1051 1911 1240 1978 frequentavit,

129 1985 232 2036 modos.
256 1985 666 2051 Dequerirofias,necfemina,
702 1998 731 2039 et
754 2004 831 2054 quarn
860 1990 956 2054 potnit,
984 1990 1103 2054 proxime
1125 1989 1240 2054 crirpnrn

128 2076 180 2115 uec
196 2062 246 2125 vir,
262 2069 293 2113 ut
311 2061 393 2124 ltus,
417 2063 452 2113 Et
471 2063 572 2126 quatias
594 2062 666 2112 molli
703 2064 833 2126 reddidit;
853 2067 952 2128 crispos
968 2067 1038 2115 enirn
1055 2080 1145 2115 versus
1163 2065 1240 2129 liujus

130 2145 257 2202 tympana
268 2151 346 2187 rauca
358 2137 453 2187 manm'
472 2139 554 2201 Terga
566 2152 627 2189 vero
639 2144 666 2187 et
703 2140 805 2203 generis
818 2140 914 2190 Atilius
926 2145 1010 2198 vocat,
1027 2140 1053 2188 in
1066 2140 1159 2204 quibus
1171 2140 1240 2190 laur·

128 2216 200 2267 idem
212 2216 368 2269 Ovidiussic
380 2216 448 2266 dixit
458 2217 528 2267 Fast.
538 2231 576 2267 rr.
587 2217 595 2244 ‘
605 2217 667 2267 AEra
705 2216 751 2266 bus
767 2217 792 2265 in
808 2215 1032 2280 braclrysyllabum
1048 2215 1165 2265 solvitur.
1179 2218 1240 2279 pede

130 2295 199 2345 Deae
223 2294 341 2354 comites,
362 2307 492 2359 nucaque
518 2300 592 2357 terga
615 2307 666 2344 rao·
704 2299 791 2342 autem
802 2299 844 2342 cst
855 2291 959 2357 quidem
969 2305 1019 2340 vox
1031 2291 1089 2354 ipsa
1099 2297 1127 2340 et
1138 2292 1164 2340 iu
1176 2290 1240 2341 Aldi

129 2369 211 2422 rent!
703 2369 791 2433 priore
809 2369 934 2431 editione,
953 2374 984 2417 et
996 2365 1166 2417 omittendam
1185 2381 1238 2418 non

130 2487 134 2495 ,
164 2449 197 2496 l!
212 2445 298 2508 Agite,
311 2446 347 2495 ile
362 2447 394 2495 ud
410 2447 460 2495 ulio
478 2445 666 2509 Golloepreles
703 2460 760 2495 essa
782 2445 900 2495 declarat
927 2443 1144 2494 idem-camum
1170 2452 1240 2509 pust,

128 2525 315 2589 aesmundi]
333 2525 411 2575 Alta:
428 2521 665 2587 δωῆκαὶσύμφνη.
703 2521 831 2585 ‘Rapidae
857 2520 949 2570 ducem
979 2527 1123 2586 sequuntur
1152 2521 1239 2571 Galle

128 2601 233 2654 uacui
255 2608 332 2652 retus
352 2601 379 2650 in
403 2599 507 2663 Hyrauo
528 2601 664 2664 Carenem,
703 2600 771 2664 pede
795 2598 924 2664 propero!
949 2599 1023 2648 exilio
1050 2605 1137 2648 asstem
1160 2597 1240 2648 daubi

129 2677 247 2738 lintrem
257 2677 344 2728 Deum
361 2683 502 2741 propterea
517 2683 593 2726 vocat
607 2675 665 2742 dpu-
702 2691 770 2736 casu,
782 2691 840 2726 cnm
853 2677 930 2740 vulgo
942 2676 1035 2737 miuur,
1047 2675 1109 2742 quid
1120 2675 1147 2724 id
1159 2681 1240 2737 esset,

126 2753 397 2816 opmfflerrasteunt
411 2751 582 2802 bacchantem
593 2768 663 2803 naeu·
702 2753 888 2817 intelligerent,
913 2753 1041 2816 glossema
1067 2752 1137 2818 quod
1160 2752 1241 2801 iuter·

127 2829 217 2890 tibsu3
233 2828 309 2892 qu'us
320 2827 355 2878 ob
366 2842 480 2878 amorem
495 2828 612 2891 insanias,
629 2829 663 2879 ab
702 2839 861 2899 preteretur,
873 2839 931 2881 erat
942 2829 1101 2894 appositum,
1119 2829 1182 2876 uelat
1197 2841 1240 2876 rx·

127 2905 223 2957 endere
231 2905 310 2954 etiam
318 2903 414 2954 dicitur
420 2902 562 2969 omarus.
574 2905 663 2971 Atque
701 2912 758 2972 oles,
770 2909 839 2974 quod
850 2908 877 2958 iu
888 2907 993 2968 eriperer
1003 2908 1088 2970 ipsum
1100 2912 1160 2970 post
1171 2907 1240 2957 lure·

44 3034 47 3039 ,
127 2981 200 3033 iden
222 2987 315 3031 auctor
334 2981 360 3029 iu
394 2980 481 3044 priore
508 2981 539 3030 -in
565 2982 664 3033 Rbearu
702 3001 766 3052 pens
778 3000 882 3035 versum
893 2984 1020 3048 corrupit.
1047 2982 1238 3034 AtAldillbsr

128 3058 246 3124 Hyrnua,
255 3055 381 3122 odprrrsb
391 3056 490 3121 χαίρεις.
515 3057 608 3109 Vibius
618 3058 665 3111 Se·
702 3064 812 3113 alterum
824 3059 943 3122 retinuit,
954 3060 1035 3109 altero
1045 3059 1135 3109 cessit.

127 3141 238 3199 quearer
252 3132 287 3183 de
301 3133 433 3182 mortibus
450 3132 577 3197 Cybelum
592 3147 665 3184 mou·
735 3144 766 3189 18
784 3138 899 3187 Hilorote
915 3135 1029 3187 excitetis
1045 3135 1168 3185 erroribus
1185 3135 1238 3186 ssi·

127 3208 665 3275 tarnPbrygioeersescribit:itaquelegi
701 3215 777 3279 mum]
811 3214 854 3264 Sic
876 3212 957 3262 etiam
979 3212 1005 3261 lu
1028 3210 1127 3261 duobus
1149 3226 1240 3263 rnauu-

126 3286 210 3338 enam
219 3286 312 3351 possit,
322 3285 418 3350 Cybeli
429 3299 542 3338 nemora·
702 3292 817 3357 scriptis,
833 3298 862 3340 ut
872 3291 976 3341 vocales
987 3288 1069 3338 libere
1081 3295 1239 3340 concurrant

160 3365 194 3412 1⁸
208 3360 289 3411 &mal
303 3360 349 3424 ite]
379 3360 422 3410 Sic
441 3360 511 3425 apud
531 3360 622 3425 Eurip.
637 3361 664 3411 in
702 3369 771 3419 luter
789 3382 827 3431 ne,
844 3374 962 3417 extrema
980 3364 1052 3415 verbi
1072 3365 1239 3430 Hilurutr‚et

127 3438 226 3490 Bacch·
242 3439 345 3490 Chorus
358 3436 665 3503 fidemverbumilerflnl,
702 3446 825 3509 princeps
852 3443 935 3505 verbi,
961 3442 1080 3493 excitatis.
1113 3442 1146 3491 In
1172 3441 1239 3493 libro

120 3514 332 3578 'ir-mire
342 3512 441 3576 βῶτχαι.
702 3521 811 3570 Achillis
827 3518 920 3570 Maffei
938 3525 1006 3581 crat,
1020 3519 1153 3568 Hiluritute
1166 3517 1239 3568 crari-
1343 3544 1347 3556 ·

161 3597 193 3645 tl
210 3595 299 3644 Alieno
314 3597 422 3657 petentes
438 3593 502 3640 anns
518 3592 599 3641 exules
615 3593 665 3640 lm
701 3597 769 3647 totis
802 3598 843 3646 Ex
870 3609 921 3660 qno
951 3593 1100 3644 faciendum
1122 3593 1238 3656 omnino,

125 3670 214 3734 edel]
234 3670 266 3720 ln
276 3668 460 3733 manuscriptis
479 3669 560 3731 varie,
568 3668 665 3718 Alienu-
702 3675 836 3724 concitatis.

125 3763 174 3813 quc
182 3753 289 3813 petentes
297 3749 363 3798 rslrrt
372 3748 453 3797 emdes
463 3747 514 3796 locs
524 3747 610 3798 celeri:
627 3754 665 3808 et,
734 3753 767 3798 20
781 3747 1055 3814 Pbrygismuddomum
1064 3742 1174 3808 Cybeles]
1190 3741 1236 3793 Sic

127 3826 261 3889 elusaque
269 3829 352 3890 pum
360 3824 425 3873 octar
436 3824 515 3873 emur
525 3822 664 3874 bunum.
702 3832 771 3889 post,
789 3825 903 3889 ‘ltaque
914 3827 944 3872 ut
954 3820 1058 3870 domum
1067 3817 1188 3880 Cybelles
1200 3823 1239 3868 te-

126 3908 167 3966 et,
174 3902 310 3966 Aliensqu
323 3905 430 3966 pecare·
443 3901 508 3950 rslut
518 3901 601 3950 exules
615 3901 666 3950 loro
703 3900 790 3964 rigere
812 3899 913 3949 lasaulsr
923 3897 940 3945 ε’
958 3901 986 3948 et
1004 3896 1032 3943 in
1051 3892 1238 3958 Epithalamlo,

125 3979 208 4030 uitri·
242 3978 385 4039 Guarinus,
405 3976 499 4042 quique
522 3990 582 4027 eum
604 3984 667 4042 post
701 3969 1017 4041 ‘Crononisqnedomon’
1052 3968 1238 4032 Intelligitaa·

123 4054 213 4108 ΜΝ
221 4053 549 4119 mbillssflssb‘llt’mqsoe
558 4059 665 4117 petentes
703 4061 757 4106 tem
770 4055 855 4111 idam,
867 4049 1073 4112 Dindymmn‚ct
1089 4044 1121 4095 rb
1137 4043 1237 4112 Mam

125 4135 192 4187 Μ
202 4135 291 4184 auur·
299 4134 367 4182 locs:
382 4131 410 4181 irt
430 4129 516 4196 priore
535 4131 596 4181 Aldi
610 4132 665 4183 edi·
704 4130 754 4196 ὅρη·
772 4130 806 4180 de
817 4128 911 4194 quum
922 4121 1050 4173 Nicandri
1060 4121 1205 4187 Interprer.

123 4207 666 4277 maurusamoemmro
736 4200 1238 4275 numerumnunerum
