2752 4694
176 329 291 419 sod,
402 331 407 340 '
524 341 793 393 naumurum!
820 338 954 392 uora-

177 486 231 536 svis
248 492 358 546 utraque
369 484 525 533 miserabiles
538 493 565 535 et
576 486 707 535 luctuosos
745 499 846 543 nemus,
867 486 912 533 illa
935 484 1040 544 domos:
1064 480 1113 533 His
1136 481 1281 536 Oratorem

177 568 269 610 cantus
280 561 349 610 edat.
383 560 418 608 m
434 561 625 624 conjunguntur
644 575 706 610 sane
744 564 872 621 intelam,
889 574 1061 625 germanaque
1081 561 1199 609 Vatum:
1216 562 1282 611 Gar·

176 638 217 686 lue
235 651 337 686 sorores
355 637 488 686 asidonio
500 653 602 702 quoque
619 638 706 702 Apoll.
740 638 795 689 riat
811 638 862 687 ista
878 634 945 694 foro,
964 636 1025 684 dnm
1045 641 1120 685 canat
1139 636 1185 684 illa
1204 635 1282 685 Diis!

175 713 222 762 lib.
235 727 266 761 rr.
278 714 361 774 Epist.
372 717 396 762 2.
410 728 468 775 pag.
478 717 518 762 38.
534 713 647 762 diluculo
662 729 706 762 au·
744 714 776 762 ln
786 720 897 774 secreto,
908 713 962 763 soil.
973 719 1002 762 et
1013 725 1117 761 secessu
1129 712 1219 776 aliquo
1238 713 1282 762 sil·

92 782 99 801 ⁸
176 796 229 839 tem
245 791 412 839 Philomelam
432 792 500 840 inter
518 788 625 841 frutices
644 792 706 841 sibi·
743 792 823 841 vestri
836 790 884 839 sihi
897 789 1031 854 Musisque
1044 789 1162 853 placens,
1178 789 1281 838 habita·

174 867 283 924 lentem,
298 867 419 927 Prognen
432 867 500 915 iuter
511 882 613 916 asseres
624 869 706 916 miun-
743 872 806 914 runt
824 865 893 915 enirn
914 865 960 913 llil
979 877 1083 929 qnoque
1100 863 1187 925 silvas,
1206 865 1280 928 queis

175 942 285 991 rientem
301 942 407 991 auribus
424 944 553 1001 insonare,
569 956 645 1005 quam
664 957 705 990 vo·
743 941 836 990 Poetae
859 948 889 990 et
909 939 1024 990 luscinios
1047 940 1129 1001 juxta
1153 941 1280 1002 gaudent.

174 1019 294 1082 lupeest!
305 1021 388 1070 Quem
396 1018 478 1081 ipsum
487 1017 612 1066 tameuob
620 1019 704 1066 locum
743 1016 820 1064 Unde
832 1016 949 1064 Martini.
961 1015 1006 1064 lib.
1019 1029 1038 1064 r.
1050 1015 1141 1078 Epigr.
1153 1020 1197 1065 bil.
1217 1017 1278 1065 ‘Sic

175 1093 475 1143 veriorSahu.risah.l.
488 1094 707 1156 scripturaevet.
742 1093 786 1142 ubi
809 1093 949 1141 multisona
972 1091 1058 1141 fervet
1084 1105 1161 1140 sacer
1183 1091 1279 1142 Attide

174 1169 232 1218 cod.
250 1170 356 1219 Admsot
375 1170 444 1218 Terei
461 1170 540 1233 uuella
557 1169 705 1218 subieram·
743 1170 825 1232 lucus,
846 1169 971 1232 Improba
998 1169 1141 1233 Cecropias
1163 1166 1277 1218 effundit

174 1245 241 1294 bruris
256 1246 343 1309 populi.
370 1247 486 1310 &mque
504 1247 641 1295 lectionem
654 1260 706 1293 oru-
743 1246 803 1309 pica
814 1244 949 1311 querelas.’

174 1321 236 1370 uiuo
248 1322 422 1383 recipiendam
439 1336 496 1370 esse
514 1322 652 1384 sequeutia
663 1322 706 1370 do·
748 1355 751 1362 ·
775 1325 807 1371 87
827 1323 859 1371 Ut
878 1326 945 1384 putes
962 1320 1149 1368 motus-Amoris
1168 1334 1210 1368 ore
1226 1320 1275 1369 dici

174 1410 235 1444 cere
259 1397 341 1446 voluit
366 1398 449 1446 Scriv.
488 1398 568 1446 Terei
594 1412 705 1460 namque
742 1397 842 1460 mauro]
871 1397 962 1447 Adhuc
985 1395 1088 1460 quidem
1109 1395 1144 1444 de
1163 1396 1275 1445 luscinia

173 1471 269 1534 conjux
291 1473 396 1534 Progne
419 1486 493 1520 versu
516 1475 558 1520 88.
577 1473 706 1532 succedit,
742 1475 953 1533 solasermoest‚
965 1486 1013 1521 uec
1025 1471 1092 1520 euim
1110 1471 1276 1521 hirundiuiua

173 1545 220 1594 sed
247 1546 322 1609 hujus
351 1561 423 1596 soror
450 1547 595 1596 Philomela
625 1548 706 1615 virgo,
743 1548 939 1612 garrulitatum
948 1547 1280 1611 musicalis,tamqueama·

173 1623 279 1684 ‘puella
297 1622 391 1672 Terei’
410 1638 513 1688 quoque
532 1623 657 1683 Martiali,
676 1630 706 1671 ut
742 1624 788 1672 hili
802 1621 871 1672 flexu
882 1622 983 1671 mobilis
995 1622 1076 1671 rideri
1087 1621 1209 1685 cuiquam
1222 1628 1279 1686 pot-

169 1697 277 1760 jamjam
300 1705 433 1763 sequetur,
457 1699 650 1762 cognominata,
672 1697 706 1745 ab
743 1699 803 1748 erit.
838 1700 875 1748 Ut
889 1699 930 1748 rel
946 1699 1119 1762 hincquoque
1137 1699 1220 1747 lectio
1237 1699 1280 1747 illa

174 1772 266 1819 eodcm
296 1771 413 1820 Barbaro
438 1773 585 1821 incestuose
615 1773 706 1821 vitiata
724 1772 821 1824 'ssim
833 1775 857 1822 in
878 1774 1037 1838 praecedeuti
1049 1775 1178 1822 versiculo
1197 1775 1279 1838 magis

144 1890 148 1897 .
173 1848 350 1909 premittitur.
376 1846 464 1909 thue
474 1847 706 1896 illahiruudorire·
743 1850 886 1899 adseratur.
928 1851 962 1898 lit
983 1849 1165 1915 quamvisilli
1191 1850 1280 1913 lingua

172 1919 251 1985 mous
262 1929 391 1971 tectorum
403 1922 568 1985 laquearibus
579 1929 607 1972 et
620 1939 705 1973 came·
743 1933 868 1988 praesecta
884 1925 955 1988 prius
972 1923 1063 1986 fauerit,
1075 1930 1162 1973 tamen
1174 1939 1220 1973 ore
1232 1940 1278 1974 sno

172 2000 237 2049 ratis
252 1999 383 2048 asseribus
402 1999 572 2064 trabibusque
590 2008 617 2049 et
636 2002 705 2051 inter
743 2016 811 2050 uuuc
830 2001 895 2049 adeo
913 2001 1031 2049 dicacula
1051 2007 1143 2061 est,ut
1162 2014 1224 2048 rere
1245 2001 1278 2049 de

172 2076 288 2125 homines
305 2075 452 2126 conversari
470 2076 580 2138 garrdet:
599 2077 636 2125 ita
648 2077 704 2127 hac
741 2078 796 2140 illa,
818 2077 905 2125 nescio
926 2077 992 2140 quis,
1015 2075 1150 2136 cecinerit,
1173 2077 1278 2126 ‘Quam

173 2152 327 2212 Philomela,
339 2152 419 2215 juxta
431 2152 539 2200 Homer.
552 2151 669 2215 deripier
680 2154 705 2202 ἐν
741 2160 835 2202 natura
847 2152 920 2201 dedit
938 2153 1060 2214 linguam,
1070 2151 1227 2210 Philomela,
1239 2165 1279 2200 re·

172 2226 296 2277 rabum
312 2225 454 2289 καθεζομένη
473 2230 613 2292 πυκινοῖσιν,
630 2227 705 2278 t'ruti·
742 2229 796 2277 cisa
807 2236 856 2289 est,
867 2227 917 2277 Ast
936 2229 1012 2276 aliam
1026 2227 1095 2298 illius
1110 2227 1147 2275 Di
1162 2227 1278 2276 tribuere

173 2321 232 2356 cum
251 2313 278 2356 et
296 2307 427 2367 arborum,
447 2308 597 2369 cumprimis
618 2314 704 2357 autem
741 2303 808 2352 loco.
841 2305 919 2353 Nunc
931 2303 1060 2351 hominum
1070 2302 1199 2351 dulcescit
1208 2303 1278 2351 enim

172 2385 261 2446 populi
275 2385 362 2432 densis
372 2384 520 2434 delectatur
537 2378 703 2435 umbraculis.
741 2379 807 2428 bene
819 2376 912 2428 flexili!
924 2378 990 2439 anri,
1002 2378 1060 2428 0¹¹³
1076 2377 1139 2425 ⁰5¹¹ss
1157 2377 1184 2425 5¹¹
1196 2386 1278 2428 mill

173 2458 250 2510 Quod
263 2465 291 2506 et
302 2459 519 2521 Virgilius‚quem
530 2460 703 2508 Nostersem.
742 2454 843 2502 dulcius
864 2453 945 2504 Orbis
966 2452 1064 2502 habet!
1096 2453 1149 2502 Sed
1172 2455 1278 2503 brer'ius

172 2535 362 2596 persequitur,
380 2533 479 2594 Georg.
491 2547 529 2582 ιν.
547 2533 704 2596 observavit,
741 2535 769 2577 et
788 2529 878 2577 melius
897 2529 976 2578 Mart·
994 2528 1038 2576 lib·
1053 2541 1112 2577 nv.
1131 2529 1222 2593 Epigr.
1234 2534 1277 2579 76.

171 2607 279 2658 ‘eralls
297 2609 409 2669 populea
427 2622 537 2655 moerens
558 2609 704 2657 Philomela
740 2604 818 2652 ‘Flet
828 2604 971 2652 Philomela
982 2603 1055 2652 nefas
1067 2604 1158 2653 incesti
1168 2607 1277 2669 Tereos,

172 2680 220 2730 sub
249 2681 339 2729 umbra
366 2680 481 2728 Amissos
511 2682 628 2744 queritur
655 2682 702 2730 foe.
740 2685 768 2726 et
779 2693 837 2741 quaa
850 2680 926 2726 Muta
938 2679 1024 2741 puella
1040 2677 1100 2739 suit,
1112 2681 1213 2742 garrula
1224 2679 1279 2729 fer-

171 2755 231 2805 tus!
261 2758 294 2805 Et
308 2757 417 2820 vespas.
433 2756 549 2805 Strozius
566 2758 639 2806 Erot.
656 2757 701 2807 lib.
730 2755 861 2804 tutaris!
871 2754 1279 2819 demisishurdcarmrdqdovis,

170 2847 212 2882 vr.
237 2832 358 2882 ‘AEmula
378 2833 458 2882 divini
475 2834 627 2882 suavissima
646 2848 702 2882 car·
740 2830 824 2895 inquit
839 2833 928 2894 Eurip.
942 2833 1008 2882 Hac.
1019 2832 1089 2881 Actu
1100 2846 1131 2882 ιι.
1150 2835 1280 2884 etvirea:

170 2908 245 2956 ruinis
267 2909 330 2968 ales,
351 2908 437 2970 Fingis
458 2909 484 2956 iu
507 2908 621 2957 adventu
645 2924 702 2957 ear·
739 2909 831 2959 ‘Quid
849 2909 940 2957 mirum
960 2909 1074 2958 dulciter
1091 2924 1148 2958 eam
1168 2911 1278 2972 garrire,

171 2987 241 3033 mina
264 2984 333 3031 mille
352 2997 417 3032 meo.
451 2984 509 3033 Nec
529 2985 619 3046 procul
642 2985 701 3033 hinc
740 2984 1278 3049 quaesitdttica,rrbietiamfluctusmsris

171 3059 258 3107 densis
278 3059 350 3106 canis
372 3058 461 3107 abdita
482 3057 618 3109 frondibus
641 3061 701 3109 altae
739 3075 790 3109 nou
803 3061 858 3108 sius
870 3074 977 3108 numero
989 3060 1139 3109 adliduntur
1150 3061 1232 3111 littori
1240 3063 1259 3110 l’

170 3135 243 3184 llicis
271 3137 297 3183 in
327 3131 407 3198 ramo,
432 3139 581 3199 populeisve
606 3141 704 3188 comis)
771 3137 888 3186 Tametsi
910 3151 971 3185 vero
993 3150 1044 3185 nou
1073 3137 1213 3200 injucunde
1241 3139 1277 3187 de

171 3211 258 3261 Quare
276 3210 354 3259 Ouid.
372 3212 396 3258 in
413 3212 469 3274 ipsa
488 3211 603 3262 fabulosa
621 3224 701 3264 traus-
739 3213 884 3262 Philomela
900 3213 941 3261 hic
954 3213 1132 3276 legatur,eam
1143 3221 1227 3262 motus
1238 3215 1277 3264 A·

170 3286 313 3334 mutatione
334 3285 380 3333 lib.
398 3299 434 3336 vr.
458 3288 521 3335 Fab.
542 3294 566 3338 7.
587 3290 620 3337 de
647 3292 702 3339 istis
738 3289 816 3337 moris
833 3303 878 3336 seu
889 3286 1006 3337 adfectus
1024 3289 1162 3336 amantium
1175 3304 1221 3338 ore
1234 3289 1276 3339 fa·

169 3361 243 3408 Terei
256 3361 400 3408 extorribus
412 3360 531 3411 foemellis
543 3367 624 3425 canit,
639 3368 647 3393 ‘
656 3366 701 3414 Al·
738 3364 822 3412 cundo
841 3362 993 3425 edisserere,
1011 3369 1038 3412 et
1054 3364 1182 3413 varietate
1198 3381 1275 3416 sono-

169 3441 228 3482 tera
239 3440 310 3480 tecta
321 3432 390 3480 subit
401 3447 518 3496 quarum,
535 3439 601 3498 petit
617 3440 701 3487 altera
739 3454 794 3488 rum
809 3439 888 3488 totius
907 3439 971 3488 artis
989 3438 1109 3501 Musicae,
1119 3441 1275 3492 varietatem

170 3506 264 3556 silvas!
291 3507 367 3557 Quod
390 3506 478 3564 ἄδηλον
498 3509 561 3558 illud
581 3512 700 3561 devere
737 3514 982 3578 quoquehumorum
1002 3521 1030 3563 et
1048 3515 1274 3578 perturbationum

169 3585 250 3635 citato
256 3584 311 3647 jam
322 3591 376 3633 tum
389 3600 411 3633 v.
425 3585 457 3633 ad
468 3590 509 3634 82.
521 3588 700 3649 comprobavit
737 3591 898 3651 exprimere:
917 3590 994 3638 itaut
1006 3603 1075 3637 nunc
1086 3592 1212 3639 continuo
1222 3594 1274 3656 spi·

169 3675 202 3709 ex
215 3660 380 3710 Rittershusii
391 3661 517 3722 versione,
530 3662 620 3726 ‘Vaga
629 3672 700 3713 tecta
737 3666 789 3713 ritu
802 3665 827 3712 iu
840 3664 943 3726 longum
953 3665 1179 3728 aquubiltrersine
1188 3676 1273 3717 muta·

168 3736 262 3799 fatigat
271 3737 389 3800 hirundo,
398 3740 500 3788 Littora
508 3741 699 3806 utensiliaque
738 3741 808 3788 tione
824 3739 919 3800 trahat,
940 3752 1008 3788 nunc
1028 3738 1146 3789 inflectat
1165 3756 1272 3793 vocem:

169 3814 273 3863 umbras
286 3816 429 3863 resonantis
440 3815 540 3864 abdon!
562 3817 663 3866 Exinde
673 3826 699 3868 et
732 3819 788 3881 jam
805 3816 927 3865 minutius
947 3824 975 3864 et
994 3818 1122 3866 concisius
1133 3821 1270 3873 cantillet:

169 3904 217 3952 ego
226 3889 361 3953 aliquando
371 3891 505 3954 utriusque
514 3893 699 3954 mythologiam
737 3906 808 3946 nuuc,
821 3891 970 3955 intorqueat
986 3899 1014 3941 et
1033 3893 1104 3956 quasi
1116 3894 1216 3957 crispei
1228 3913 1272 3946 ro-

168 3965 458 4029 Epigr.siciudebam;
474 3980 531 4013 cum
544 3966 699 4018 OvidMet.
737 3983 808 4016 ccm:
836 3981 904 4016 nuuc
926 3968 1061 4028 extendat,
1084 3969 1140 4030 jam
1163 3981 1271 4023 revocet

169 4040 330 4103 emblematis
358 4041 500 4103 hujusmodi
521 4042 698 4093 includerem:
736 4058 845 4092 vocem:
863 4043 926 4090 alias
943 4044 1032 4104 longos
1043 4044 1164 4093 conciunt
1181 4061 1270 4097 uersus

167 4115 261 4164 ‘Quod
274 4116 425 4165 Pandionio
437 4118 515 4165 Terei
532 4117 639 4167 feritate
659 4135 698 4167 so·
738 4118 807 4182 quasi
821 4118 964 4175 Heroic0s;
982 4117 1044 4164 alias
1055 4116 1156 4180 breves,
1167 4128 1194 4168 ut
1203 4121 1271 4184 Sep·

169 4203 240 4239 rores
253 4193 341 4241 Vernae
359 4191 385 4240 in
402 4206 479 4257 avem
496 4199 524 4242 et
539 4203 628 4244 aurant
642 4196 699 4246 lraec
737 4197 843 4259 phicos3
861 4192 990 4244 interdum
1009 4193 1183 4259 brevissimos,
1195 4205 1223 4246 ut
1235 4199 1270 4249 A·
