2752 4694
395 274 436 353 su
462 301 625 355 curuata
651 307 808 356 cununu
836 309 915 360 ιιι.
1140 294 1208 360 589

102 457 131 508 dr
147 475 172 506 τι
182 459 271 522 χρῆμα·
286 454 326 504 eal
337 453 375 505 iel
393 457 440 503 τῶν
454 453 533 503 ἅλιαι
544 451 634 513 ὁμοίω.
674 449 720 498 bat
732 451 824 514 ipsum,
840 460 868 503 et
880 454 949 518 qnod
969 456 1046 518 louge
1056 455 1208 504 amessltnm

104 533 162 585 cie.
173 548 220 598 pro
233 535 344 583 lilureua
362 531 482 581 Oratoris
498 543 589 579 munus
603 525 635 577 ac
674 527 929 595 videbatur,etquod
940 529 1116 597 diphthongus
1128 533 1222 582 eorri·'

102 611 257 662 facultatem
267 611 386 660 similiter
395 607 495 667 laudat,
506 607 514 634 ⁴
525 605 637 668 Magnus
675 610 793 667 peretur.
826 605 904 668 Nam,
919 606 1076 656 ‘Dionaea’
1094 608 1155 658 alibi
1170 609 1209 659 le·

101 687 208 738 dicendi
218 688 300 751 labor,
309 699 403 749 magua
415 696 568 745 reumaque
580 681 636 743 dig·
676 679 787 742 gendum
799 695 851 730 nou
865 695 931 746 esse,
946 679 1039 733 docui:
1056 684 1144 748 itaque
1163 700 1208 734 vs·
1300 725 1304 731 .

101 758 182 826 nitas,
197 777 295 812 summa
314 761 393 811 etiam
412 757 514 824 gratia?
545 755 635 805 Livius
676 756 713 806 rie
735 757 913 820 conjecturam
931 757 1003 809 secl:
1028 761 1139 823 primum
1158 761 1208 824 sic,

101 837 151 889 lib.
173 851 257 889 xxxa.
282 838 317 887 ab
336 838 370 886 ll.
389 836 420 886 c.
442 833 534 885 eodem
554 846 636 897 prope
676 830 1209 897 lllepnloeririaterin,easententiazllle

102 913 192 976 modo,
215 919 268 979 qno
297 913 424 974 Catullus,
451 916 479 960 et
503 907 642 970 Horatius,
675 908 718 972 qni
735 915 840 959 nostros
857 911 937 974 lusus,
953 925 984 960 ac
999 909 1104 961 delicias
1119 926 1209 963 nume·

102 989 202 1041 ‘Quod
224 990 245 1038 si
263 995 365 1039 tantum
380 987 490 1037 militnm
508 985 637 1035 Romano·
676 989 746 1031 ratas
758 985 823 1047 vult,
840 999 884 1034 eas
902 985 1004 1036 iuterim
1017 987 1077 1036 dum
1089 983 1209 1051 iacimus,

102 1079 161 1114 rum
176 1064 279 1125 fuisset,
290 1071 320 1114 ut
336 1072 364 1114 et
377 1062 481 1114 chalcis
497 1059 592 1122 teneri,
611 1065 639 1109 et
676 1059 748 1123 prius
758 1062 786 1111 ei
797 1062 930 1125 pulverem
939 1069 968 1113 et
977 1065 1064 1114 stelias
1078 1071 1206 1117 numeret.

102 1154 157 1190 non
167 1140 253 1189 dcaeri
265 1139 413 1204 praesidium
423 1137 584 1188 Athenarum
594 1149 639 1200 po·
676 1133 700 1182 li
716 1149 827 1200 namque
841 1139 973 1189 mutabam
991 1140 1017 1190 iu
1033 1140 1049 1189 1
1064 1141 1208 1205 proximant

103 1214 207 1277 tnlsaet,
223 1228 315 1276 magua
333 1229 384 1277 res,
399 1212 527 1279 principio
547 1211 637 1262 statim
676 1210 802 1272 vocalem,
818 1225 851 1261 ex
862 1215 886 1264 R
902 1221 930 1264 et
950 1214 964 1263 l
980 1224 1164 1267 consonantem
1182 1216 1209 1268 N

100 1288 178 1349 belli,
200 1286 303 1340 Chalcis
325 1295 354 1340 ct
377 1290 488 1352 Euripus
513 1287 639 1350 adempta
675 1283 1018 1355 faciebam3seqnltur’l',in
1031 1291 1209 1357 manuscripta

101 1364 172 1428 Regi
192 1364 296 1416 forent!
331 1365 386 1416 Cic.
404 1378 506 1430 quoque
525 1362 570 1413 lib.
587 1375 638 1412 uss.
675 1361 799 1426 lectione,
815 1362 911 1414 deinde
930 1367 962 1428 E,
978 1368 1209 1432 postquamlltte·

101 1441 138 1490 ad
158 1440 215 1493 Ate.
231 1442 270 1493 sic
290 1441 412 1492 admirari
431 1441 545 1502 videtur,
560 1440 636 1502 ‘Ego
677 1453 732 1487 ram
749 1439 772 1486 P
790 1440 998 1506 interponebam,
1013 1443 1072 1493 etl
1092 1449 1213 1496 extremo

102 1517 184 1567 etlam
203 1524 284 1582 atque
306 1518 385 1569 etiam
404 1516 535 1581 cogitabo,
558 1522 637 1581 teque
675 1514 775 1578 apicem
795 1515 967 1580 imponebam.
1001 1517 1107 1569 Deinde
1129 1521 1219 1572 etiam.

104 1601 137 1641 ut
157 1593 227 1643 idem
249 1591 329 1644 facias
351 1608 424 1658 rogo.
464 1593 565 1656 Magna
587 1605 644 1654 res,
676 1590 855 1654 succurrebat,
871 1592 1040 1652 ‘Pulvereuu
1052 1609 1208 1661 arenamque

103 1668 216 1732 simplex
234 1676 277 1720 est
296 1683 412 1732 manere,
426 1668 490 1718 illuri
508 1666 637 1731 auceps:'
676 1664 814 1729 Libycam’
830 1665 879 1715 hoc
898 1667 925 1716 in
947 1681 1042 1730 genere
1070 1671 1208 1733 proverbio

104 1749 134 1793 et
150 1743 222 1794 Pliu.
240 1744 285 1794 lib.
296 1757 383 1794 xxxv.
403 1759 462 1808 cap.
474 1748 499 1792 ll.
516 1743 639 1792 ‘Decora
677 1740 844 1791 celebratam.
866 1742 992 1808 idemque
1004 1744 1169 1795 memineram
1178 1746 1209 1795 il·

105 1834 157 1882 res,
173 1821 265 1886 ntique
282 1821 303 1869 si
320 1821 461 1870 liberorum
478 1819 572 1882 turba,'
589 1821 639 1870 dcc.
677 1816 721 1866 lud
740 1817 856 1880 ejusdem
875 1819 972 1869 Catulli
989 1827 1060 1880 ante,
1076 1821 1136 1872 huic
1152 1837 1209 1873 seu·

104 1897 162 1946 Cic.
176 1896 221 1947 lib.
232 1910 270 1946 rr.
281 1896 366 1960 Epist.
383 1896 416 1945 ad
425 1897 594 1960 Torquatum,
611 1901 639 1945 et
677 1894 768 1942 tentiae
777 1895 1209 1963 valdeconsentaneum,‘Quaeris,

103 1972 177 2034 alios,
192 1971 323 2034 similiter,
335 1977 362 2021 et
373 1972 476 2036 quidem
489 1986 537 2036 per
548 1987 639 2036 paren·
677 1977 742 2034 quot
760 1971 821 2019 mihi
838 1971 993 2021 basiationes
1010 1973 1086 2037 Tute,
1106 1976 1209 2034 Lesbia,

105 2047 201 2109 thesin,
216 2043 390 2111 ‘Reliqnnmss
408 2046 501 2111 iuquit,
517 2048 525 2075 ‘
541 2055 593 2111 est,
609 2050 657 2097 ut'
677 2047 729 2095 sint
748 2047 810 2096 satis
829 2050 977 2111 superque?
998 2048 1083 2100 Quam
1101 2064 1210 2112 magnus

105 2131 133 2172 ta
151 2129 240 2186 angat,
257 2123 325 2187 qnod
342 2121 511 2187 absinthia,
526 2137 566 2172 res
586 2137 638 2172 mo·
677 2134 798 2170 numerus
821 2121 936 2185 Libyssae
957 2137 1042 2172 arenae
1062 2125 1209 2188 Laserpici-

104 2200 183 2258 lesta,
193 2198 341 2262 praesertim
350 2198 383 2247 ab
395 2198 426 2247 iis
439 2197 545 2260 puerie,’
556 2201 606 2247 dec.
676 2193 740 2244 feris
756 2197 832 2259 jacet
855 2197 972 2260 Cyrenis,
989 2197 1114 2247 Oraolnrn
1135 2199 1209 2250 Jovis

139 2279 188 2326 198
205 2274 289 2338 Neque
309 2280 333 2325 te
355 2275 434 2324 Venae
451 2273 576 2336 Negligit]
591 2273 640 2323 lile
678 2272 746 2321 inter
769 2273 884 2336 aestrrosi,
901 2274 936 2322 Et
957 2274 1030 2323 batti
1052 2276 1148 2324 veteris
1169 2290 1208 2327 aa·

107 2350 211 2414 quidem
233 2352 351 2414 pulcher,
367 2365 450 2414 neque
474 2357 503 2398 ιιι
522 2350 641 2398 invenus·
678 2362 749 2397 crnrn
769 2350 931 2413 sepulcrum3
950 2349 1004 2398 Aut
1025 2363 1102 2414 quam
1122 2351 1209 2402 sidera

107 2433 165 2477 tus.
677 2427 769 2485 multa,
786 2441 843 2475 curu
865 2432 936 2476 tacet
956 2441 1016 2490 uox,
1032 2428 1154 2478 Furtivus
1164 2428 1209 2479 ho·

138 2504 186 2550 201
201 2503 255 2554 Non
266 2503 308 2551 diu
321 2506 452 2551 remoratus
463 2500 499 2563 er]
510 2499 543 2548 In
553 2516 640 2550 manu·
678 2501 774 2550 minum
795 2503 886 2552 vident
904 2501 1024 2552 amores.'
1057 2504 1151 2568 Itaque
1162 2506 1208 2555 all-

105 2578 212 2642 scriptia
229 2577 356 2638 omnibus,
372 2583 500 2640 remorato,
517 2577 563 2626 scd
576 2578 639 2628 illud
678 2578 739 2643 quid
760 2578 904 2642 hujusmodi
930 2578 1035 2628 subesse
1046 2581 1210 2644 suspicabar,

107 2653 219 2715 rectius,
236 2658 244 2683 ⁴
258 2653 392 2703 remorari*
407 2660 494 2702 autem
513 2653 641 2716 absolute,
676 2652 853 2720 faciebantque
866 2655 911 2704 llle
924 2656 1028 2718 pulveris
1043 2656 1136 2718 Antei,
1155 2657 1209 2707 Au·

106 2736 135 2778 et
146 2730 215 2778 idem
228 2737 300 2792 ante,
316 2731 324 2757 ⁸
339 2729 425 2792 Perge
437 2743 469 2776 ne
479 2731 640 2779 remorarer*
679 2737 757 2779 taeum
768 2732 837 2780 enisu
849 2731 1006 2795 terrigenam
1024 2732 1104 2794 bibyn
1118 2734 1213 2797 appel·¹

106 2810 134 2852 et
156 2803 244 2854 Plant.
268 2804 364 2856 Casina
390 2805 508 2868 protulit,
534 2806 542 2833 ‘
563 2806 641 2870 Nam,
678 2806 715 2854 lat
732 2807 832 2855 Statius
851 2806 976 2856 Thebaid.
996 2820 1045 2856 vn.
1070 2808 1208 2872 diphthon-

107 2880 169 2945 quid
191 2881 260 2930 illaec
280 2879 379 2930 tamdiu
400 2881 480 2930 intua
494 2887 641 2931 remoratur
678 2880 1157 2946 gonqueinviruecorripiebom‚quod
1165 2897 1211 2933 me

107 2956 181 3021 qnasi
202 2956 235 3024 ob
254 2956 432 3006 industrium?
450 2962 478 3006 et
499 2956 639 3018 Pseudolo,
678 2963 765 3005 tamen
776 2956 841 3005 adeo
859 2971 909 3004 uon
925 2957 1057 3006 movebat.
1089 2959 1214 3008 Tertiunr'

106 3034 114 3059 ‘
127 3031 195 3089 Uter
204 3027 367 3082 remoratur!
678 3032 739 3080 illud
753 3031 812 3093 fuit,
823 3039 852 3082 ut
863 3033 957 3096 Eretri,
968 3035 1036 3095 qnod
1046 3035 1214 3097 proximead·

64 3112 67 3119 “
124 3102 439 3175 ‘fileaodeapiqcepid
449 3109 547 3160 Eadem
557 3123 640 3174 prope
678 3109 801 3171 scriptam
813 3108 951 3158 lectionem
969 3109 1118 3174 accedebat,
1137 3110 1208 3174 lege·

106 3182 279 3248 rapnroparie,
305 3198 362 3249 quae
385 3191 455 3244 autc,
478 3185 485 3211 ‘
505 3185 572 3235 Cato
591 3185 640 3235 Ca·
678 3197 742 3246 rem,
758 3185 831 3247 quasi
852 3185 946 3233 Eretrii
952 3200 962 3243 ,-
979 3185 1089 3235 alterum
1106 3188 1174 3236 euim
1192 3186 1206 3238 1

108 3260 220 3312 tollunt!
677 3267 705 3310 et
715 3260 874 3310 consuetudo
886 3262 950 3326 ipsa,
962 3268 989 3312 et
998 3262 1081 3327 figura
1090 3266 1208 3316 tollebat.

138 3338 189 3385 acu
205 3336 252 3386 Ille
260 3337 339 3400 puluis
351 3337 475 3401 Erythraei
484 3336 640 3401 Siderumqus
678 3337 809 3385 Eretrinm
821 3345 906 3386 autem
917 3339 1050 3403 pulverem
1062 3341 1095 3391 ab
1103 3343 1207 3394 Eretria

105 3412 246 3461 micnmum
267 3412 389 3462 wducot
413 3428 535 3463 numerum
560 3414 639 3478 prins]
677 3410 783 3460 civitate
795 3413 923 3463 maritima
934 3413 960 3462 iu
972 3414 1078 3465 Euboea.
1111 3419 1208 3469 Evero

106 3488 152 3537 Sic
163 3488 310 3550 Guarinus3
324 3503 357 3538 an
369 3496 485 3539 veterem
497 3490 588 3540 librum
599 3505 640 3541 se·
678 3485 829 3549 productam
849 3488 883 3537 ab
900 3503 931 3537 eo
950 3490 1058 3541 Homeri
1078 3495 1208 3557 exemplo,

107 3570 195 3628 cotue,
220 3578 272 3613 uon
295 3565 427 3628 explicat:
449 3572 477 3615 et
498 3566 639 3629 genitivum
677 3561 947 3628 xmeb’hperplarre·
965 3567 1209 3634 quodnisequitur,

105 3637 334 3702 esse²facitpulois.
368 3641 424 3703 Ego
443 3656 504 3690 vero
522 3642 639 3693 omnibus
677 3638 943 3703 lantepenultimam
961 3642 987 3690 in
1007 3644 1029 3691 Ε
1046 3643 1207 3707 mutandam,

105 3715 133 3766 in
163 3716 355 3781 manuscriptis,
379 3717 483 3780 paloaria
505 3718 639 3783 legebatur
677 3715 706 3768 e't
716 3719 882 3782 penultimam
896 3719 953 3768 Eiu
965 3719 989 3783 1,
1000 3736 1057 3785 quae
1076 3729 1134 3772 sunt
1152 3736 1207 3770 mu·

106 3799 162 3841 turn
174 3792 244 3856 quod
256 3791 385 3856 sequitur,
404 3793 494 3856 Eritei,
505 3801 534 3845 et
547 3795 639 3845 Ericei.
666 3796 790 3866 *tationes
812 3810 900 3846 omnes
914 3795 1054 3860 facillimae,
1080 3796 1206 3860 valdeque

105 3864 236 3916 Aventius
253 3867 394 3930 legendum
411 3869 499 3932 docet,
517 3871 639 3934 Erythrii.
677 3871 834 3935 probabiles.
875 3871 952 3924 Quod
975 3873 995 3919 si
1016 3870 1074 3934 quis
1097 3877 1213 3933 propter

107 3942 166 3993 Qua
177 3940 210 3990 de
222 3956 251 3990 re
270 3942 385 3991 cumdio
398 3945 558 4009 multumque
568 3945 640 3994 dubi·
677 3945 800 4010 syllabam
811 3947 881 4011 apud
890 3947 998 3997 Homer.
1014 3944 1114 4006 scribit,
1129 3944 1206 4007 'Edda-

106 4017 195 4075 tarim,
209 4030 267 4080 quae
278 4016 640 4083 mihiinmeotemvenerint,
675 4022 1057 4088 rpiav,idemfueiathooloco.
1090 4021 1204 4072 Carisius

105 4091 296 4157 qualiacunque
318 4107 350 4142 ea
370 4094 432 4156 sint,
449 4095 561 4157 ingenue
579 4109 639 4160 pro·
677 4098 816 4163 Erythrum
833 4111 903 4146 mare
918 4095 970 4143 diei
987 4095 1065 4144 etiam
1082 4096 1206 4158 ostendit,

104 4166 197 4218 feram.
216 4168 542 4234 Primum,·lirytlrroei,uon
552 4172 638 4235 place·
676 4173 726 4223 illis
737 4174 815 4225 Plinii
826 4173 920 4234 verbis,
936 4172 944 4199 ‘
957 4169 1000 4221 Ab
1010 4172 1123 4237 Erythro
1132 4188 1204 4239 mare
