2752 4694
188 272 254 342 590
437 291 565 345 suurn.
589 289 714 339 suomi
738 286 1042 345 consensimus

187 432 262 482 ortiz’
279 448 329 497 qno
343 439 452 484 auctore
467 435 556 484 licebit
572 434 650 485 etism
666 432 718 495 hic,
753 444 812 483 men
824 436 867 498 qui
885 435 948 485 nibil
961 450 977 485 s
990 435 1080 486 Servio
1095 436 1286 489 Quintilianum

186 510 209 559 si
220 523 291 558 mare
301 509 408 560 rnbrnm
420 511 602 576 intelligamus,
618 513 716 586 dicere
753 515 846 572 putent
856 510 990 562 dissidere.
1015 513 1094 562 Certe
1104 513 1203 563 Catulli
1211 514 1287 563 locus

187 585 297 634 Pulveris
306 587 396 636 Eretri
428 588 570 641 Sictemeu
587 595 617 638 ut
635 590 717 653 prime
752 583 804 646 hic,
838 593 866 636 et
895 587 939 635 ille
963 588 1044 651 epod
1056 587 1152 639 Rufum
1175 590 1285 639 Festum

186 664 213 713 in
228 663 496 727 Eretriproducatur‘
497 668 625 728 ομηρικῶς.
751 660 888 714 Avianium
916 665 944 712 in
964 665 1043 716 Orbis
1068 671 1146 714 terrae
1166 665 1284 729 descrip-

219 744 268 788 209
292 741 341 795 Qut
361 741 435 789 nestri
455 756 578 790 numerare
598 740 661 802 nult]
685 740 716 789 In
753 738 833 800 tione,
853 740 1091 793 ‘NascentiBsulo
1114 739 1171 789 risit
1194 745 1282 804 pater,

185 815 367 878 manuscriptis
384 815 513 879 omnibns,
530 830 579 864 non
590 817 650 878 cult,
666 817 713 865 sed
752 815 864 880 nudique
875 814 947 865 fulsit
958 816 1109 867 Caelicolum
1128 816 1218 864 sedes
1211 814 1229 844 ·'
1246 815 1285 865 fa·

184 893 274 942 solim
307 891 401 954 Credo,
417 893 486 956 qrrod
498 897 568 954 ente,
580 893 715 957 scriptum,
752 903 812 938 vere
824 905 855 939 sc
866 891 1028 943 subscribere
1047 891 1132 940 Servii
1143 892 1283 941 sententies

185 964 279 1029 l'ueret,
295 967 352 1027 uolt,
367 966 436 1029 quod
456 981 506 1015 non
527 967 714 1031 intelligentes,
750 963 881 1015 videntur.
907 964 1034 1033 Et‘qui,'
1044 968 1115 1030 pro‘
1128 965 1188 1028 cui,'
1199 962 1281 1054 scrip·

184 1042 542 1105 preremutaruntinoolarst
561 1042 612 1091 Sed
622 1043 714 1093 iisdem
750 1046 840 1088 serunt
851 1041 957 1106 antiqui

184 1116 305 1178 inlibris,
321 1117 674 1180 nonoestri,sedsostri,sic,
684 1126 715 1168 ut
782 1118 831 1164 220
848 1117 896 1166 Sed
918 1118 1020 1169 micante
1038 1118 1132 1181 labello]
1158 1118 1203 1168 Sia
1226 1133 1283 1169 cor-

185 1197 240 1247 baee
260 1197 293 1247 ab
309 1198 418 1260 sponsis,
435 1212 487 1247 non
501 1213 516 1246 a
532 1197 626 1261 pueris,
643 1196 714 1247 dicta
750 1189 819 1239 rexit
831 1190 966 1257 Aventius,
983 1209 1041 1243 cum
1062 1201 1132 1244 esset
1147 1195 1173 1244 in
1193 1209 1286 1245 menu-

184 1274 350 1336 scclpiamus.
392 1273 445 1323 Sed
473 1288 531 1323 cum
555 1287 664 1335 sponsus
686 1278 714 1322 et
750 1264 866 1327 mimis,
890 1265 939 1315 Sed
960 1268 1019 1316 mili
1041 1273 1105 1318 onte.
1148 1268 1282 1318 ‘Miceris

184 1363 278 1410 sponsa
289 1349 314 1397 in
327 1348 423 1411 nuptiis
435 1363 485 1396 non
501 1349 648 1411 loquantur,
663 1362 714 1396 oos-
750 1338 890 1401 labellum?
923 1341 950 1391 id
972 1351 1022 1405 0⁸1,
1049 1351 1149 1407 patemo
1173 1343 1280 1395 Istlieffl·

183 1424 218 1472 ert
229 1424 315 1486 potrus
327 1425 451 1485 tegamus.
750 1411 810 1463 Hoc
828 1415 911 1478 ipsum
933 1418 1080 1481 exprimens
1101 1418 1186 1469 Po'c'ta
1205 1427 1282 1470 vetus

216 1501 265 1546 210
281 1498 362 1547 Multa
376 1497 452 1546 millio
467 1494 569 1556 inuno]
586 1495 713 1544 Aventius
750 1490 819 1554 apud
836 1490 944 1542 Atilium
959 1495 1183 1560 Fortunatiauum,
1205 1499 1213 1526 ‘
1230 1498 1281 1547 Pn-

182 1571 210 1620 in
229 1573 359 1622 veteribus
375 1572 445 1621 libris
457 1571 537 1620 fuisse
548 1571 623 1632 dicit,
639 1577 666 1619 et
677 1572 714 1620 lu·
751 1569 808 1612 ient
826 1565 946 1616 labellum
965 1567 1052 1618 diffido
1069 1571 1168 1633 Jugare
1188 1572 1255 1622 rictu
1262 1572 1280 1623 ι’

183 1664 235 1699 sess
254 1664 302 1713 pro
320 1652 420 1712 lumem,
436 1655 579 1711 contracte,
597 1655 625 1697 et
641 1650 712 1698 lusus.
750 1648 778 1691 tt
789 1643 935 1694 Martini-1.
952 1644 978 1696 ln
987 1646 1163 1708 Maximinum,
1178 1643 1282 1699 ‘Laxat

183 1725 215 1775 Iu
227 1725 269 1786 iis,
281 1725 373 1789 quibus
384 1725 477 1774 otebnr
488 1725 614 1785 omnibus,
626 1725 713 1774 ludere.
750 1719 888 1782 perspicuo
907 1718 1002 1771 labello
1021 1721 1071 1770 risu
1078 1721 1095 1770 :'
1111 1728 1138 1771 et
1155 1721 1235 1772 ovid.
1247 1725 1281 1774 de

183 1801 219 1850 Et
234 1815 343 1865 sequens
359 1815 449 1849 versus
464 1800 501 1848 ite
516 1799 660 1862 legebatur,
677 1799 713 1846 Et
750 1794 815 1843 Arte
827 1794 885 1845 Aru.
901 1795 977 1847 ‘Sint
989 1797 1082 1845 modici
1093 1799 1166 1863 risus,
1181 1815 1281 1862 parvae·

183 1877 274 1926 ludite.-
292 1883 429 1939 utrumque
442 1875 543 1925 vitiose.
578 1875 634 1937 Ego
650 1888 712 1922 vero
750 1885 800 1934 que
809 1872 937 1936 utrimque
946 1871 1063 1923 lscnnae!
1076 1874 1281 1926 Rebanusbleu·

183 1951 310 2014 scriptum
321 1950 400 2000 fnisse
411 1951 503 2014 opinor
518 1956 601 1999 totum
613 1963 712 1998 versum
750 1961 793 1995 rus
805 1947 837 1996 de
849 1947 985 2010 Magorum
1001 1951 1148 2013 praestigiis,
1164 1953 1281 2002 ‘satim

83 2078 85 2081 ,
182 2026 264 2076 Melta
282 2028 360 2076 mollio
375 2027 433 2075 ludi.
465 2026 502 2075 At
517 2026 606 2075 ludite:
629 2031 658 2074 ut
677 2025 713 2074 Ar
750 2022 840 2084 tores‚’
862 2024 955 2097 inquit,
981 2025 989 2055 ‘
1012 2027 1097 2075 vocati
1120 2035 1188 2091 sunt,
1217 2030 1279 2094 quis
1314 2038 1316 2042 ’

182 2102 338 2166 principium
359 2103 392 2151 sit
414 2101 540 2151 orationis
562 2106 589 2150 et
612 2108 714 2162 cantos,
749 2099 810 2149 dum
829 2099 866 2148 eis
883 2100 1054 2151 membrorum
1066 2117 1228 2169 quaecunque
1240 2119 1280 2155 sa-

181 2194 258 2245 quem
270 2181 344 2243 pueri
354 2178 629 2244 sponsisrespondent.
637 2178 713 2227 millio
749 2174 846 2234 lierint,
862 2174 958 2239 aliquid
981 2177 1030 2227 sibi
1054 2177 1149 2226 exinde
1171 2193 1280 2243 prospe·

181 2270 244 2305 vero
256 2256 372 2304 inmollis
383 2255 535 2304 mutandum
552 2260 624 2318 puto,
641 2255 710 2318 quod
749 2265 805 2299 rum
816 2266 860 2300 seu
873 2253 947 2300 triste
959 2252 1099 2317 significari
1112 2254 1279 2317 praedicunt!

180 2346 272 2395 perum
286 2332 378 2381 Latine
390 2332 441 2380 dici
458 2338 546 2393 putem
563 2330 639 2379 millia
650 2331 711 2394 ludi,
747 2325 841 2377 rbeoc.
853 2324 1031 2390 ampsancti
1042 2327 1165 2393 ἀμάρυγμα
1172 2331 1278 2395 Χείλιος,

181 2415 211 2458 ut
221 2407 297 2456 millio
308 2423 365 2456 cum
384 2406 497 2470 genitivo
514 2405 613 2454 nurneri
624 2405 710 2466 singu·
747 2401 921 2466 Interpretari
933 2405 1011 2454 etiem
1029 2422 1174 2470 possumus,
1184 2409 1280 2472 Splen-

141 2490 150 2505 ·
181 2483 441 2546 larisconjnngatur3
460 2480 708 2543 deindeveroquod
747 2477 833 2527 deute.
865 2479 910 2527 Sic
922 2480 1001 2542 Verg.
1010 2481 1065 2530 AEn.
1077 2483 1217 2532 xrr.‘Hoc
1226 2484 1279 2533 Ve-

181 2559 269 2619 rrrolliu,
281 2559 307 2607 id
319 2565 360 2607 est
372 2557 484 2618 deliciae,
499 2558 552 2605 sive
562 2556 595 2604 rb
604 2555 709 2620 παίγνια,
746 2567 793 2602 nus
810 2553 918 2604 obscuro
934 2553 1028 2605 faciem
1042 2557 1204 2607 circumdate
1215 2559 1280 2608 nim·

182 2633 274 2682 Latine
284 2633 320 2681 sic
332 2633 382 2681 dici
397 2637 484 2695 putem
500 2631 641 2694 aptissime,
660 2631 708 2681 its·
747 2628 779 2678 bo
790 2631 904 2688 Detulit,
923 2631 971 2680 boc
991 2631 1075 2681 fissum
1093 2634 1172 2684 lebris
1190 2635 1279 2699 splen·

178 2723 232 2772 que
243 2709 324 2756 omnis
336 2708 380 2756 illa
391 2708 416 2755 in
428 2721 514 2754 amore
525 2707 631 2755 lascivia
642 2722 709 2756 com·
745 2704 866 2754 dentibus
878 2720 978 2755 amnem
990 2707 1096 2758 inficit)

178 2781 506 2846 modlssimesignifioatur.
524 2782 709 2830 ‘erdere'au
778 2781 1052 2832 armitenentes
1069 2784 1148 2848 pairs]
1176 2785 1277 2837 Statius

180 2867 233 2909 tens
241 2859 369 2918 lascivire,
378 2873 408 2908 ac
417 2857 561 2907 libidinnri:
574 2856 641 2906 idem
649 2863 709 2919 post
746 2855 838 2904 silvai.
850 2854 895 2904 lib.
908 2870 928 2904 r.
945 2857 972 2904 in
989 2858 1161 2920 Epithalamto
1176 2860 1277 2922 Stellae,

67 2966 70 2971 -
173 2937 185 3003 ,‘
193 2936 309 2986 Lusimns
319 2933 402 2985 satis?
410 2935 503 2983 Horat.
513 2947 544 2982 ιι.
554 2933 636 2996 Epist.
648 2935 709 2983 ‘Lu
746 2939 774 2980 et
794 2931 962 2996 Violentillae,
983 2934 1122 2986 ‘Multum
1144 2937 1178 2987 de
1200 2947 1277 3002 patre

177 3012 233 3061 sisti
245 3013 316 3074 satis,
329 3011 407 3060 edisti
418 3010 490 3071 satis,
504 3017 583 3074 etque
602 3008 707 3059 bibisti!
746 3006 857 3070 decoris,
867 3009 930 3058 Plus
941 3010 974 3058 de
985 3018 1067 3060 matre
1080 3012 1170 3074 capis!
1203 3015 1278 3063 Basi-

209 3093 258 3138 212
276 3091 407 3138 Nondecel
421 3089 480 3136 Tum
493 3085 709 3135 uetussineliberis
745 3082 794 3131 lius
815 3083 842 3130 in
861 3084 979 3146 Epistola
996 3085 1028 3134 ad
1045 3087 1201 3150 Gregorium
1222 3090 1277 3138 Ne·

178 3165 339 3229 Nomeoesse]
354 3165 465 3226 Nomen,
484 3177 531 3226 pro
547 3162 664 3224 Familia,
681 3169 708 3210 et
744 3158 901 3221 zisnzennm,
931 3159 1051 3222 Ἐπέγιων
1066 3179 1109 3210 σου
1121 3163 1166 3222 τὴν
1183 3164 1277 3214 ἐπιστο-

179 3248 267 3301 geutc,
283 3254 313 3288 ac
337 3241 442 3302 populo.
486 3240 567 3300 Verg.
589 3238 647 3287 AEn.
669 3252 707 3289 vr.
744 3234 799 3298 λὴν,
811 3236 889 3300 ὥσπερ
900 3238 922 3285 oi
930 3237 987 3287 τοὺς
995 3241 1042 3288 τῶν
1052 3238 1128 3301 φίλων
1146 3243 1234 3293 rados
1248 3242 1277 3291 dx

178 3317 186 3342 ‘
198 3315 326 3364 Inlustres
336 3316 442 3375 animas,
452 3320 617 3377 nostrumque
626 3314 653 3362 in
663 3328 706 3362 no·
742 3315 785 3371 τῆς
793 3313 970 3376 ἐπιφαινομένης
978 3316 1057 3364 circis
1063 3315 1119 3380 πρὸς
1130 3315 1274 3366 roderentu-

178 3403 237 3438 meu
255 3389 363 3438 ituras?
380 3396 408 3437 et
428 3390 515 3437 Livius
535 3388 581 3437 lib.
596 3403 615 3437 1.
633 3389 707 3437 ‘Per
742 3406 786 3438 ros
797 3389 981 3450 ἐπιγινώσκωσι.

177 3477 206 3512 se
224 3463 310 3526 ipsum
329 3478 422 3513 nomen
439 3464 565 3513 Ceninum
581 3465 706 3527 impetum
774 3469 822 3513 233
840 3467 907 3515 Bene
928 3468 1010 3530 sinite]
1037 3467 1111 3517 Idem
1135 3469 1275 3534 aliquando

176 3538 257 3591 facit!
743 3539 853 3603 simplici
870 3542 928 3604 ipso
945 3543 1023 3592 verbo
1039 3544 1047 3571 ⁴
1061 3544 1160 3593 vivere'
1178 3545 1276 3608 signiti-

208 3619 257 3666 214
285 3616 334 3665 Sed
354 3615 469 3678 indidem]
502 3615 599 3664 Eodem
624 3615 705 3665 verbo
743 3624 827 3666 catur.
860 3618 955 3668 Horat.
975 3625 1004 3668 ut
1022 3619 1117 3667 Catuli.
1134 3625 1141 3646 ‘
1159 3620 1188 3668 Sl
1207 3619 1275 3670 bene

176 3706 238 3741 usus
259 3692 348 3742 Plant.
365 3691 372 3717 ‘
390 3691 509 3740 Indidem
532 3693 600 3741 unde
622 3693 706 3741 oritur
743 3692 787 3756 qni
805 3701 892 3756 cenat,
909 3689 1070 3754 benc‘vivitt
1085 3695 1165 3759 lucet,
1183 3709 1274 3746 eamus

175 3767 257 3818 facito
269 3774 298 3817 ut
310 3766 390 3816 facias
400 3768 541 3817 stultitiam
557 3767 705 3831 insepelibi·
743 3769 801 3820 Quo
813 3768 886 3816 ducit
895 3769 973 3831 gula!

175 3844 243 3897 lem?
775 3847 823 3892 234
842 3845 943 3893 Munere
953 3846 1050 3895 adsidam
1064 3847 1180 3896 colentem
1194 3847 1274 3897 Exer-

207 3925 257 3970 219
273 3920 350 3970 Dulce
368 3920 447 3969 rident
465 3922 497 3969 od
516 3920 619 3982 putrem]
635 3921 704 3970 Poli·
742 3926 791 3969 cete
813 3921 948 3984 juventam]
976 3922 1083 3975 Sueton.
1114 3925 1275 3989 Domitiano,

176 3995 261 4044 tianus
283 3996 353 4058 apud
376 3996 455 4057 Verg.
476 3996 549 4058 legit,
567 3996 635 4046 ‘Qui
653 4012 703 4045 non
741 3995 952 4045 ‘adsiduitatem
964 3998 1128 4060 concubitus,
1145 4000 1275 4051 velutex·

175 4071 257 4119 risere
280 4073 423 4135 parentesz’
448 4073 567 4122 Servium
590 4073 704 4135 damnat,
741 4073 902 4122 ercitationis
922 4088 1012 4136 genus,
1024 4074 1178 4137 Clinopalen
1198 4091 1275 4125 voce-

177 4146 363 4197 Quintilianum
380 4149 497 4213 opponit.
531 4149 566 4198 Et
584 4155 644 4198 sunt
667 4157 704 4199 ta·
742 4150 805 4200 bnt!
837 4150 936 4199 Statius
956 4150 1050 4201 Silvas.
1069 4150 1115 4201 lib.
1131 4165 1151 4201 r.
1169 4152 1274 4217 inldpi⁴
