2752 4694
440 347 691 404 reurreruruu
719 338 890 404 vuuuirrs.
1149 336 1215 406 tue

116 499 226 564 Collige,
238 501 319 564 virgo,
334 512 414 561 reses,
425 497 484 547 dum
496 496 543 547 ilos
555 511 645 560 novus,
683 496 716 546 lrss
730 503 827 546 temere
839 495 1000 545 mutavimus.
1026 496 1103 548 Quod
1119 497 1141 547 si
1158 497 1215 548 bec

183 582 211 625 et
221 586 287 624 nova
298 575 395 639 pubem
599 567 601 571 ’
683 578 745 641 uota
755 572 902 636 displiceat,
913 571 1041 623 deleatur.
1057 575 1132 623 Idem.

122 662 124 666 '
149 654 184 702 Et
206 666 304 701 mensor
321 658 387 714 esto,
397 663 480 699 erum
495 649 531 698 sic
551 663 644 712 prope·
715 652 754 698 15.
766 651 798 696 lt
815 649 871 710 Ipso
882 647 945 694 roris
955 647 1038 708 lucidi,
1056 649 1143 698 Noctis
1154 650 1212 698 aare

182 741 241 776 rere
252 734 333 777 tuum.
493 728 497 738 ‘
682 739 748 787 quem
756 724 880 786 relinquit,
891 723 984 788 spargit
994 723 1114 773 iurantes
1128 726 1213 789 epm]

115 802 175 852 Hoc
186 802 335 865 Eidyllium,
346 801 414 866 quod
425 799 502 848 bodie
512 799 581 847 iuter
591 798 644 847 Au·
683 801 726 849 lta
736 799 795 862 lege
807 813 839 847 ex
851 814 908 848 meo
921 798 1026 848 Codice.
1053 800 1134 848 Exeo
1146 814 1215 863 rore,

115 877 221 926 soniare
236 877 338 940 legitur,
353 878 460 925 numero
477 888 515 924 vr.
531 872 644 922 Marion·
682 877 777 942 iuquit,
800 890 874 940 quem
896 875 980 923 noctis
1001 888 1065 923 eura
1090 874 1215 938 relinquit

113 952 186 1014 gelus
211 950 349 1001 Accursius
378 951 448 1013 olim,
484 949 644 1014 Hieronymo
681 952 882 1017 spargitaquas.
900 950 1215 1013 Sepeseneuoctisaun

114 1025 246 1075 Aleaudro
256 1033 363 1076 auctore
378 1032 405 1075 et
416 1025 563 1088 impulsore,
575 1026 643 1074 Bur·
682 1040 782 1078 omnem
803 1028 935 1076 bumorem
958 1040 1094 1091 roremque
1110 1026 1215 1090 exsugit

114 1101 242 1164 digalensi
262 1102 348 1165 po'e‘tae
369 1099 495 1162 adseruit,
512 1115 562 1148 true
584 1114 642 1148 cum
682 1111 709 1152 et
720 1103 851 1166 exsorbet,
862 1102 994 1166 praecipue
1006 1102 1027 1151 si
1037 1101 1214 1151 sitrelremeu·

115 1176 170 1225 eliis
181 1176 311 1225 nonnullis
321 1174 459 1238 opusculis,
470 1189 547 1239 quum
564 1188 596 1222 ea
606 1188 643 1222 re·
681 1178 740 1227 tior.
773 1177 826 1226 Ubi
838 1177 943 1226 minima
955 1183 994 1226 est
1006 1192 1068 1225 aura
1078 1183 1214 1238 nocturna,

114 1254 246 1314 perissent
259 1253 325 1301 inter
336 1250 446 1300 Ausonii
454 1250 560 1312 scripta,
571 1249 643 1312 euJus
682 1256 736 1301 tum
759 1250 825 1299 solet
847 1265 903 1300 esse
922 1265 997 1301 mune
1019 1252 1130 1301 maxima
1149 1251 1213 1301 roris

114 1327 270 1377 videbantur
294 1327 388 1390 potius,
410 1339 485 1389 urtam
513 1324 642 1374 Maronis:
681 1325 764 1390 copia.
782 1326 857 1376 Salsu.

112 1417 172 1451 cum
189 1403 360 1466 quoomuium
374 1401 456 1464 primo
468 1406 642 1450 excusasunt.
712 1402 780 1451 ibid.
798 1405 854 1467 Ipse
871 1403 934 1451 roris
952 1404 1033 1465 trudi,
1051 1405 1138 1453 Noctis
1154 1418 1214 1454 ostro

113 1478 193 1540 Cujus
202 1491 264 1525 seue
272 1491 323 1526 nou
334 1482 409 1526 suut:
422 1477 461 1525 uti
469 1492 518 1526 nec
527 1470 643 1526 fortassis
680 1493 747 1542 quem
758 1479 877 1542 relinquit,
888 1480 982 1542 spargit
997 1480 1117 1528 tumentes
1127 1479 1211 1543 omos]

112 1551 230 1600 Ausonii.
264 1553 340 1603 Quod
359 1552 385 1600 in
396 1552 550 1601 membranis
565 1550 643 1614 ipsius
681 1553 808 1602 Fortassis
830 1554 931 1615 melius,
957 1555 1043 1603 Noctis
1064 1570 1122 1604 oure
1142 1570 1213 1618 quum

113 1626 234 1690 operibus
246 1627 350 1692 reliquis
361 1628 562 1690 conjungantur,
572 1625 644 1675 ficul·
680 1627 791 1690 reliquit.-
808 1627 900 1690 virgil.
909 1628 967 1677 AEu.
979 1643 1028 1678 vrr.
1041 1631 1050 1658 ‘
1064 1630 1128 1678 cum
1141 1629 1211 1678 venti

113 1717 190 1751 neum
209 1711 388 1766 argumentum
405 1709 459 1752 est:
477 1702 642 1765 uecideeip-
681 1716 800 1766 posuere,
822 1703 956 1767 omnisque
978 1711 1088 1766 repente
1116 1703 1213 1753 resedit

112 1777 227 1825 siusesse
236 1777 316 1841 magis
326 1778 431 1842 probes,
440 1792 515 1843 quam
527 1792 584 1842 quse
595 1777 643 1826 cir·
680 1778 788 1828 Fletus!
811 1778 890 1827 Serio.

113 1849 289 1901 cumferrmtur
302 1853 425 1901 Disticha
443 1853 564 1914 Moralie,
580 1853 643 1902 Dio·
712 1857 742 1902 ll
755 1853 770 1883 ⁴*
782 1855 819 1903 Et
834 1869 872 1904 me
890 1849 961 1903 ceu'ut'
976 1854 1072 1903 lucrime
1087 1856 1213 1903 trementes

112 1927 185 1988 nysio
208 1928 302 1977 Catoni
324 1941 391 1976 nuuc
412 1926 553 1990 adscripta.
599 1928 642 1977 De
679 1932 789 1979 detudsim
806 1930 920 1993 pondere]
947 1931 990 1979 Ita
1011 1932 1135 1979 hacteuus
1157 1929 1213 1979 edi·

112 2003 204 2065 quibus
223 2002 282 2050 vide
303 2003 385 2050 Elium
405 2003 528 2051 Viuetum
549 2002 574 2050 iu
593 2003 642 2052 boc
681 2013 744 2054 tum.
777 2006 884 2054 Diserte
906 2013 981 2054 vetus
996 2004 1095 2065 Codex,
1118 2006 1154 2052 Et
1170 2004 1213 2053 mi·

113 2075 642 2142 Eidyllium;etJos.Scal.Ausou.Lect.
680 2086 752 2129 cunt:
777 2080 846 2143 lego,
860 2081 977 2129 Emicuut.
1003 2080 1034 2128 Iu
1055 2079 1106 2127 fine
1124 2093 1213 2127 versus

111 2167 170 2214 cap.
181 2153 279 2214 penult.
290 2166 341 2214 quo
353 2150 467 2200 ostendit
476 2151 580 2199 Catonis
586 2151 644 2199 Dis·
680 2153 749 2202 idem
760 2155 838 2203 habet
849 2154 1017 2203 disertissime
1037 2155 1171 2216 scriptum,
1184 2157 1214 2203 de

110 2229 180 2278 ticbe
204 2241 338 2291 perperam
364 2225 478 2276 Ausonio
502 2225 641 2277 adtributa.
679 2230 883 2290 eudueop'oudere.
910 2229 1051 2277 verissima
1067 2234 1107 2277 est
1126 2227 1215 2289 lectio,

111 2307 168 2356 Nos
190 2320 212 2366 e
227 2304 380 2353 diverticulo
399 2303 425 2350 iu
447 2302 514 2351 riam
537 2302 642 2352 taudem
681 2303 793 2352 Emicunt
813 2303 915 2351 luerimoe
935 2307 1060 2351 trementes
1080 2304 1109 2351 de
1128 2304 1213 2350 caduco

111 2380 257 2430 redeamus.
286 2377 425 2442 ‘Papilio'
444 2377 523 2440 igitur
544 2375 642 2426 alabas-
677 2382 787 2442 pondere.
814 2372 885 2429 Nihil
898 2380 1213 2444 crebriusbscloquutlo·

111 2464 176 2518 trus,
195 2471 262 2505 rosae
282 2455 357 2517 calyx
374 2452 486 2502 noudum
507 2451 641 2501 debisceus
679 2470 710 2503 ue
727 2455 795 2519 apud
813 2457 881 2504 lruue
901 2456 1052 2505 Auctorem.
1086 2456 1212 2505 Lacrimre

110 2540 138 2583 et
149 2539 260 2597 pateus,
268 2525 414 2581 convolutis
434 2529 553 2579 foliorum
571 2529 641 2592 paui·
679 2530 746 2579 roris
758 2530 869 2580 emicant
887 2538 1028 2580 trementes
1046 2532 1079 2581 de
1097 2531 1212 2595 pondere

109 2610 174 2658 culis
186 2611 332 2658 connivens.
360 2607 556 2670 Epigrammata
566 2621 641 2670 supe·
679 2606 791 2677 caduc03
808 2607 924 2671 pondere
943 2608 1009 2672 ipso,
1026 2608 1093 2657 dum'
1106 2606 1212 2668 cedunt,

109 2686 197 2734 riora‘
210 2684 320 2734 nodum’
338 2689 447 2733 vocant:
471 2689 499 2731 et
516 2682 640 2731 Germani
678 2690 822 2733 trementes
841 2684 961 2733 emieaut.
997 2683 1040 2733 Sic
1056 2685 1211 2745 ‘surgentes

108 2760 244 2825 hodieque,
258 2767 308 2808 tarn
325 2760 472 2822 superiores
484 2773 559 2821 quem
576 2756 640 2807 infe·
677 2760 788 2823 papillas
813 2760 846 2808 de
874 2758 971 2807 Favoni
999 2758 1108 2820 spiritu'
1133 2771 1214 2821 supra

108 2837 200 2897 riores,
212 2839 220 2864 ‘
232 2834 472 2898 Rosentknopfflin'
484 2843 510 2883 et
523 2837 531 2863 ‘
544 2836 640 2882 Rosen·
672 2834 753 2898 dixit.
780 2835 815 2882 Et
827 2833 895 2881 iufra
905 2834 992 2881 multis
1010 2833 1074 2880 locis
1086 2833 1211 2895 proeposi·

109 2911 247 2974 kuupkeu.’
269 2912 357 2962 Quare
367 2911 409 2958 bic
421 2908 502 2957 fascia
513 2907 641 2971 pectorali
680 2907 775 2954 tionem
785 2906 793 2933 ‘
803 2906 854 2954 de'
865 2906 901 2953 sic
911 2907 1029 2967 usurpat.
1054 2906 1128 2953 Salsu

109 2993 155 3035 eut
174 2986 288 3048 strophio
311 2999 361 3032 nou
384 2998 448 3046 opus
464 2982 497 3030 ud
514 2989 641 3035 tumorem
710 2981 828 3030 Lacrima
846 2982 934 3028 micent
950 2984 1076 3029 trementes
1089 2980 1210 3029 decedito

109 3061 265 3124 papillarum
273 3051 456 3106 cohibendum.
476 3058 551 3107 Idem.
675 3058 787 3120 pondere]
803 3056 846 3104 Ita
864 3056 968 3118 scripsi,
978 3063 1007 3103 ut
1019 3055 1105 3102 versui
1118 3068 1211 3103 cousu-
1276 3085 1277 3089 =

141 3141 172 3184 15
186 3133 291 3196 Urguet]
303 3132 442 3195 Propellit,
451 3130 640 3180 effunditintb·
678 3132 790 3180 leretur:
808 3133 837 3180 de
847 3132 928 3180 codiee
942 3131 1042 3192 pondere
1054 3143 1115 3176 vere
1127 3135 1156 3177 et
1172 3128 1210 3176 itr-
1259 3172 1262 3177 .
1366 3117 1369 3121 ’

109 3211 155 3259 lia.
170 3209 228 3257 Hoc
239 3206 454 3255 Maro‘trudere’
465 3206 639 3269 dixitGeorg.
678 3208 782 3273 geniose
805 3205 1121 3269 conjecerat'Leruutius.
1165 3206 1209 3256 stc

109 3299 141 3334 ιι.
153 3283 220 3333 ‘Sed
232 3283 313 3332 trudit
322 3296 435 3343 gemmas
445 3289 473 3330 et
481 3281 586 3330 frondes
596 3295 641 3330 ex·
678 3282 846 3332 disertissime
858 3283 883 3330 in
900 3281 1056 3331 membranis
1074 3282 1209 3346 praescrip·

108 3357 312 3423 plicatomneis.'
328 3355 466 3405 Deavibus
476 3355 641 3406 vernantibus
677 3366 733 3407 tum
744 3358 839 3407 inveni.
873 3358 924 3407 Sed
939 3358 1076 3407 Lemutius
1093 3373 1126 3408 ex
1137 3374 1209 3409 mon·

108 3432 395 3493 Dracontiusdixits‘
414 3447 495 3494 sapor
516 3439 593 3492 urget
614 3432 640 3481 in
678 3441 762 3485 stroso
783 3433 828 3482 illo
852 3435 970 3495 Modum,
991 3432 1106 3485 iaciebat
1132 3436 1209 3485 uuiea

108 3522 170 3560 usus
180 3508 320 3573 Pignoris.’
343 3507 412 3557 Vide
423 3508 517 3556 locum.
547 3509 641 3569 ngaet
676 3525 741 3560 voce
750 3510 876 3559 desedisse
894 3509 1007 3558 nondum
1019 3510 1087 3559 enirn
1101 3510 1134 3559 ad
1149 3525 1207 3560 eum

108 3585 279 3650 quorundam,
291 3582 400 3644 fetuum,
411 3584 544 3646 insulsum,
558 3591 587 3633 et
603 3585 640 3633 iu·
662 3586 812 3650 velegantiae
834 3592 1007 3647 pervenerunt
1029 3601 1086 3649 quae
1107 3585 1207 3634 auctori
1227 3624 1229 3629 .

109 3668 199 3724 eptum
208 3667 257 3710 est.
290 3660 355 3710 Dixi
366 3660 462 3709 diserte
473 3661 499 3709 iu
517 3673 580 3710 mse.
596 3660 640 3709 lra-
677 3668 765 3711 uostm
773 3660 976 3722 familiares,‘de
984 3659 1081 3707 Favoni
1092 3659 1185 3721 spiritu
1191 3659 1208 3722 3'

108 3737 174 3794 beri,
185 3738 277 3798 Urguet
285 3737 383 3784 innotos
390 3739 493 3796 penates.
505 3735 641 3786 Quomodo
675 3736 726 3785 ‘de
738 3734 836 3784 caduco
849 3733 964 3798 pondere
972 3732 989 3793 ;'
1014 3732 1064 3781 ‘de
1075 3747 1167 3783 cruore
1179 3738 1208 3783 et

108 3813 243 3862 edidimus.
271 3811 323 3859 Vix
339 3811 393 3860 cusi
410 3811 640 3861 illuduotosiusso·
676 3811 789 3861 osculis!
823 3812 859 3859 Et
870 3809 907 3858 sic
919 3809 1006 3858 multis
1018 3808 1207 3872 locis'Proepo-
1312 3810 1317 3820 ‘

107 3891 157 3950 dos,
168 3894 212 3936 aut
223 3889 304 3950 nudos,
315 3881 489 3949 interpolare:
508 3901 566 3935 euru
577 3901 639 3936 rreu-
676 3887 735 3936 sitio
755 3885 813 3935 ‘de'
830 3885 945 3934 occurrit
962 3885 988 3931 iu
1005 3885 1053 3933 boc
1070 3884 1204 3946 opusculo.

95 3964 203 4014 nemini
213 3962 458 4011 fortassevidebitur
466 3963 639 4024 retinendum,
676 3962 755 4009 Serio.
876 3967 879 3974 '

107 4039 219 4089 eteliem
231 4038 480 4100 interpretationem,
488 4051 562 4099 quem
572 4048 639 4084 com·
709 4039 740 4083 19
757 4031 1206 4097 inpudoremstoruleirtoepredidmst

107 4115 189 4164 menti
196 4112 454 4173 sumus,commiuisci
461 4111 568 4175 poterit.
579 4111 640 4164 Hoc
672 4111 796 4173 perpure]
813 4109 886 4158 Idem
903 4107 980 4167 liber,
996 4108 1101 4168 pudore;
1118 4107 1161 4169 qui
1172 4114 1205 4157 et

108 4187 323 4254 agat..Palmaiu
336 4188 572 4251 mediopositeest.
591 4188 637 4237 Ni·
671 4185 826 4248 prodiderunt
848 4182 952 4232 retinet.
987 4182 1119 4231 -Fortasse
1142 4182 1204 4232 scri·
