2752 4694
527 333 568 381 m
592 333 810 383 urrunnun.
1151 295 1217 387 7223

126 490 197 524 suurn
210 475 301 539 pietas,
309 475 335 525 id
346 476 450 527 tandem
461 476 578 527 effecisse
594 492 652 542 per·
689 475 768 523 mitiis
786 474 912 526 declarari
929 480 1019 542 possit.
1052 480 1108 530 Has
1128 481 1216 545 itaque

125 551 277 613 spiciuntur,
286 560 317 601 nt
326 567 358 601 ex
370 553 478 602 obscuro
490 553 608 614 nitidum,
618 568 651 603 ex
689 549 1218 618 emendationescatullianaslaetisanimis,

126 627 210 674 lacero
219 627 338 687 solidum,
346 634 373 676 et
384 642 416 676 ex
425 627 534 677 barbaro
543 628 652 692 denique
685 625 1125 695 jurenesstudiosissimi,aecipite:
1137 639 1215 696 atque
1241 657 1247 667 ·
1263 640 1267 647 '

125 702 243 750 Latinum
258 702 342 750 denuo
352 701 477 750 efficeret.
500 701 576 753 Quod
585 703 607 749 si
618 702 651 751 ob
689 701 818 751 Catullum
828 703 911 766 ipsum
925 704 963 752 ita
976 705 1049 754 vobis
1065 708 1215 756 restitutum

125 785 241 826 servatos
255 778 326 825 cives
343 777 383 824 rel
404 777 513 826 Sicinius
524 777 651 825 Dentatus
688 775 735 824 tali
748 777 869 840 deinceps
887 793 949 827 curs
965 778 1152 844 diligentiaque
1170 794 1217 830 ex·

124 852 166 899 rel
177 850 315 901 Africanus
326 853 409 900 minor
424 853 532 902 decreto
546 852 650 916 publico
687 852 779 914 cutite,
790 859 821 901 nt
834 861 861 902 et
878 855 944 903 sales
955 854 1035 917 ipsius
1052 853 1216 919 habitumque

124 927 227 977 Civicas
254 942 387 987 meruere3
422 929 478 991 quis
503 943 555 977 nou
582 929 650 977 bunc
687 927 805 987 generosi
815 926 889 991 hujus
898 928 1018 977 carminis
1032 927 1071 992 (id
1082 927 1151 991 quud
1162 926 1217 983 iam

123 1002 201 1050 etiam
220 1017 252 1052 ea
272 1001 378 1065 dignum
396 1005 536 1065 existimet,
552 1004 594 1067 qui
615 1004 650 1053 ci·
688 1007 759 1049 turos
782 1016 828 1051 vos
847 1016 897 1051 non
915 1001 1029 1065 ambigo)
1048 1003 1151 1064 penitus
1170 1002 1217 1051 inr-

122 1088 263 1124 remanum
275 1091 326 1125 non
337 1091 455 1126 servasse
465 1078 550 1139 modo,
560 1077 605 1126 sed
617 1079 650 1126 ab
689 1075 782 1124 bustis.
813 1078 906 1127 Patavi
922 1079 1000 1126 tertio
1011 1079 1100 1128 Nonas
1115 1068 1215 1129 Martii.

121 1150 210 1199 infe'ris
225 1152 412 1214 quodammodo
428 1165 565 1199 revocasse
580 1152 651 1201 vide·
688 1148 763 1198 Anno
774 1150 869 1200 Christi
877 1153 981 1202 Domini
992 1168 1024 1202 ar.
1035 1167 1173 1204 ccccxrrrr.
1254 1173 1258 1183 ’

122 1229 183 1274 tur?
206 1227 305 1274 Verum
319 1232 394 1274 tanta
410 1224 459 1274 fuit
475 1226 583 1274 bominis
598 1230 650 1275 iuo·
721 1276 726 1286 ,

121 1300 214 1361 destia,
225 1306 299 1348 tanta
310 1300 405 1362 ingenii
417 1301 571 1349 vivacissimi
587 1299 651 1350 diffi·
688 1275 848 1339 ffimym'
865 1278 984 1327 mmm
1009 1281 1147 1329 ''mm''
1165 1279 1216 1329 ³4⁸·

120 1377 217 1436 dentis,
229 1384 258 1426 ut
277 1392 320 1426 eas
340 1377 439 1440 vigilias
457 1392 516 1426 suas
533 1393 582 1427 non
601 1379 649 1428 nisi
724 1354 822 1413 ΜΨ
833 1355 931 1404 mmm
944 1358 1089 1407 (mmm
1104 1357 1130 1406 S·
1141 1357 1175 1406 Ρ·

120 1452 220 1514 paucis,
245 1459 273 1500 et
299 1453 338 1500 bis
357 1453 459 1516 quidem
480 1454 650 1514 amicissimis,
718 1451 836 1513 Scarars,
864 1451 1016 1518 Angustine,
1052 1455 1213 1505 eruditurum

120 1541 178 1574 curn
199 1527 251 1574 ruri
272 1526 378 1588 rediret,
395 1527 544 1578 exhiberet:
563 1536 592 1577 nt
608 1530 649 1578 rel
685 1526 874 1591 humanissime,
888 1530 937 1579 tibi
953 1533 1132 1581 renunciatum
1148 1544 1216 1594 csse,

119 1601 273 1664 arrogantie
285 1615 386 1650 omnem
403 1616 419 1649 a
433 1617 461 1651 sc
477 1604 648 1665 suspicionem
686 1601 1216 1668 quemadmodumhacpnblicastndiorum,

120 1686 262 1739 amoveret,
280 1679 322 1727 vel
348 1681 496 1728 aemulorum
519 1680 648 1728 obtrecta.
685 1677 834 1725 remissione
842 1680 1104 1742 sepositisaltioribns
1114 1680 1216 1743 studiis,

120 1754 241 1815 tionibus,
252 1755 295 1818 qui
309 1755 432 1816 praeclara
452 1754 537 1802 omnia
553 1768 649 1816 oggan-
687 1744 780 1798 Valerii
794 1752 890 1801 Catulli
908 1755 978 1804 lusus
998 1762 1153 1804 retractem:
1173 1767 1215 1802 ro·

119 1830 203 1889 niunt,
221 1830 382 1878 occasionem
401 1843 502 1878 omnem
513 1830 646 1882 adimeret.
685 1840 780 1890 gasque
798 1835 827 1877 ut
847 1830 894 1879 tibi
911 1831 1070 1880 Catullianas
1086 1830 1215 1879 dictiones

120 1903 176 1965 Ego
194 1904 316 1966 veru,cui
328 1905 384 1966 jam
399 1905 472 1952 annis
489 1904 588 1953 duobus
605 1920 648 1954 eas
684 1917 789 1953 mancas
808 1914 853 1955 sut
871 1908 997 1970 inversas,
1016 1923 1062 1956 aen
1079 1904 1215 1970 Epigram-

119 1980 219 2041 vigilias
237 1995 305 2034 snas,
319 1985 348 2028 ut
364 1987 426 2041 pote
443 1980 487 2043 qni
499 1987 648 2029 currentem
685 1984 755 2024 mata
774 1978 902 2030 incautius
922 1991 1048 2044 congesta
1070 1976 1215 2031 transverso

119 2069 178 2102 eum
189 2054 277 2117 (sicuti
292 2053 376 2116 aiunt)
393 2054 545 2116 plerumque
565 2055 649 2116 impu·
685 2053 785 2103 calamo
796 2057 890 2105 illinire
906 2059 991 2106 velim.
1016 2059 1052 2106 Et
1063 2057 1084 2104 si
1095 2070 1160 2104 onus
1173 2070 1215 2104 su·

117 2131 207 2190 leram,
218 2130 341 2191 singulari
351 2129 510 2177 humanitate
521 2145 567 2178 sua
577 2131 647 2181 dedi·
685 2139 732 2188 pru
744 2128 811 2176 vires
821 2144 891 2178 meas
902 2131 1022 2197 injungis,
1039 2125 1214 2201 turpissimum

117 2212 241 2264 caverat3
258 2219 325 2254 neve
340 2211 484 2253 menstruos
503 2205 560 2252 illos
578 2205 649 2255 labo·
685 2213 742 2249 etue
753 2202 814 2251 duxi
833 2211 885 2253 tuse
905 2206 1032 2272 voluntati
1050 2219 1148 2253 morem
1162 2218 1214 2253 nou

117 2295 158 2327 res
168 2279 218 2344 (sic
229 2280 297 2328 enim
308 2292 352 2328 eos
364 2277 525 2341 appellabat)
535 2281 648 2343 ederem,
684 2289 784 2337 gerere,
806 2293 882 2341 quem
904 2287 1041 2343 tantopere
1063 2285 1091 2328 et
1109 2279 1167 2328 colo
1186 2284 1215 2332 tlt

116 2369 168 2402 nna
190 2355 267 2402 etiam
286 2354 450 2418 injunxeram
483 2355 648 2405 considerem
683 2347 802 2400 observo.
834 2352 915 2402 Malui
926 2345 1166 2418 potins'audentisr
1177 2353 1216 2406 u-

116 2444 217 2478 mecum
236 2439 360 2493 quantum
382 2431 502 2479 studiosis
526 2431 645 2481 omnibus
683 2422 991 2488 deruquamuuamame
1004 2424 1214 2497 repulsamacc'i·

117 2506 257 2569 gloriaque
279 2505 374 2556 catulli
397 2507 554 2555 consulerem
576 2507 598 2555 si
619 2506 645 2555 in
683 2513 772 2561 Ρθῐθῡί
783 2501 895 2552 immet
906 2505 1027 2554 libentius
1037 2505 1099 2570 quid
1110 2505 1135 2554 iu
1145 2520 1214 2556 men·

117 2579 249 2642 publicum
271 2576 424 2644 quandoque
447 2580 645 2643 emitterentnr;
682 2581 735 2622 tem
745 2578 880 2641 succurrit,
890 2585 917 2628 te
928 2580 1045 2642 auspice,
1054 2581 1212 2632 observabo:

115 2656 195 2702 malui
226 2656 346 2704 amicitias
371 2662 476 2706 'nostrae
505 2657 644 2706 discrimen
681 2657 868 2712 expectaturus
885 2659 957 2702 tuum
968 2655 1001 2703 de
1014 2656 1078 2704 meis
1094 2652 1212 2710 omnibus

116 2726 213 2790 subire,
225 2732 457 2795 praevaricatoque
468 2731 645 2795 videri‚quam
682 2726 892 2777 annotationibus
907 2729 1016 2791 simplex
1031 2730 1162 2794 judicium
1181 2745 1213 2782 ac

116 2818 147 2852 ea
164 2803 232 2853 mua
249 2805 342 2853 scrinia
358 2806 502 2867 continens,
514 2806 644 2855 Catullum
681 2800 778 2848 nudum
789 2814 906 2860 examen,
920 2819 977 2852 cum
989 2806 1133 2865 presertim
1144 2814 1213 2856 cate

116 2876 162 2938 ita,
181 2878 257 2926 sicuti
275 2886 341 2938 emt,
357 2879 476 2927 scabrum
492 2885 644 2940 flentumque
682 2873 805 2921 comitate
817 2876 956 2936 praeditum
974 2879 1063 2940 sciam,
1078 2887 1107 2926 ut
1117 2877 1213 2941 stylum

115 2952 184 3001 intra
199 2952 370 3001 studiosorum
385 2966 474 3000 manus
491 2952 644 3014 relinquere,
683 2944 782 3006 rudem,
791 2962 841 3010 quo
853 2949 908 2996 lraec
920 2951 1119 3014 conditaernnt,
1130 2954 1156 3001 in
1167 2953 1213 3003 bo-

113 3026 173 3076 'cum
184 3029 327 3090 presertim
339 3028 490 3091 Hieronymi
501 3027 580 3076 etiam
590 3026 645 3088 glo·
682 3033 740 3068 nam
752 3032 853 3082 nortem
870 3031 1025 3087 accepturus
1036 3027 1085 3084 εἰη
1102 3041 1212 3092 eumque

115 3102 160 3152 r'iae
178 3119 228 3153 non
245 3119 336 3168 parum
350 3103 496 3151 consultum
516 3101 547 3149 iri
567 3099 645 3149 vidis-
682 3093 763 3157 probe
782 3111 919 3157 cognoscas
933 3100 989 3161 jam
1009 3099 1118 3149 abhinc
1138 3102 1212 3151 annis

116 3193 178 3227 sem.
223 3180 290 3228 llaec
311 3178 378 3226 enim
396 3177 494 3238 scripta
516 3175 645 3224 Leonicns
682 3171 793 3235 quinque
804 3187 846 3221 me
857 3174 1025 3225 humanitatis
1038 3176 1131 3225 studiis
1143 3192 1211 3241 pene

115 3253 266 3314 Patavinus,
285 3251 399 3303 ,lacobus
419 3265 505 3298 comes
521 3242 645 3301 Juliarins
682 3248 857 3310 renunciasse,
876 3257 903 3296 ct
922 3250 1130 3314 pbilosophorum
1150 3252 1212 3316 dog·

114 3327 280 3392 Veronensis,
310 3328 432 3376 Aurelius
465 3326 644 3390 ariminensis,
681 3325 760 3383 muta,
782 3336 840 3386 quae
860 3331 948 3374 nostro
971 3332 1088 3391 tempore
1107 3326 1212 3379 borrlds

113 3402 262 3452 Calfurnius
278 3403 430 3464 Brixianam,
440 3403 509 3451 nulla
525 3416 578 3450 non
591 3403 645 3451 lan·
680 3403 740 3445 tunt
761 3404 789 3446 et
811 3399 919 3464 incultu,
935 3409 1099 3466 prosecutum
1121 3403 1210 3457 fuisse.

113 3477 147 3525 de
171 3477 290 3539 majores,
308 3476 397 3524 sedulo
424 3477 591 3540 perlegamut
612 3491 644 3527 sc
682 3471 735 3521 Cnr
753 3481 839 3523 autem
857 3476 904 3525 hac
923 3482 1078 3548 tempestate
1095 3493 1211 3535 mausue-

113 3552 180 3600 mire
191 3551 411 3600 commendarunt.
430 3553 496 3601 Cum
507 3559 534 3600 et
545 3553 644 3616 ingenil
668 3548 790 3600 ,tissimus
807 3566 937 3606 musarum
963 3555 1068 3607 delitias
1090 3544 1212 3618 recolein,

114 3629 194 3691 ipsius
216 3627 369 3689 dexteritas,
385 3627 494 3691 talisque
516 3628 544 3677 in
561 3629 643 3678 civem
681 3625 770 3688 paucis
789 3627 888 3688 accipe.
928 3628 1081 3690 Priusquam
1101 3628 1212 3690 pbiloso-

115 3719 187 3752 suum
204 3703 288 3768 pictas
299 3704 376 3766 vulgo
391 3698 562 3752 studiosorum
574 3704 644 3753 inno·
681 3700 789 3763 phorum
800 3703 881 3751 sacris
893 3703 1018 3764 initiarer,
1026 3696 1211 3763 impensissime

76 3835 79 3840 ,
114 3785 236 3843 tesceret,
247 3787 277 3829 ut
291 3780 334 3843 qui
350 3779 383 3828 de
395 3793 422 3828 se
433 3781 566 3842 complura
579 3780 643 3830 alias
681 3785 788 3835 conatus
797 3793 852 3826 sum
864 3779 1010 3828 Catulliana
1021 3778 1144 3840 pleraque
1152 3779 1210 3831 loca

114 3851 291 3919 praeclaraque
312 3854 461 3904 testimonia
479 3854 644 3903 concionibus
680 3853 869 3907 abstrusissima
891 3847 1037 3917 percipere,
1060 3865 1090 3900 ac
1111 3845 1211 3924 potissi·

114 3928 224 3990 publicis
242 3931 411 3993 praestiterat,
426 3936 549 3992 quantum
563 3929 644 3977 etiam
681 3927 748 3977 tirum
762 3936 848 3978 vatem
859 3929 927 3979 bunc
945 3944 960 3977 s
979 3927 1131 3990 syllabarum
1143 3933 1211 3992 prm·

114 4004 164 4049 lroc
174 4016 267 4064 genere
277 4005 366 4069 scripti
376 4004 643 4068 praestet‚tumetiam
681 4004 847 4068 varicatione,
865 4019 915 4066 qua
932 3994 1044 4057 maxima
1060 4000 1210 4060 notabatur,

116 4076 218 4139 qualem
230 4076 262 4125 de
274 4091 301 4125 se
313 4093 385 4141 spem
396 4079 421 4126 in
437 4077 562 4140 reliquum
578 4090 644 4140 prae-
681 4078 821 4135 rindicare.
855 4079 933 4126 Nunc
950 4083 1045 4132 autem,
1057 4089 1116 4140 cum
1129 4074 1210 4126 inte'r·

114 4151 185 4216 beat,
196 4149 234 4198 bis
251 4152 331 4202 veluti
346 4152 462 4203 laborum
477 4165 580 4203 suorum
592 4151 645 4216 pri·
680 4153 764 4207 missis
775 4152 953 4205 severioribus.
965 4150 1058 4206 studiis
1075 4154 1103 4202 in
1120 4165 1209 4218 agrum
