2752 4694
408 348 458 394 un
483 346 646 394 venatus
671 345 934 394 rnnvreuuun.
1150 334 1216 398 773

116 489 190 550 cujus
201 500 293 550 magne
305 501 364 550 pars
381 486 561 537 desideratur:
579 493 647 536 ann·
684 486 802 536 Bacchus
812 486 892 549 juxta
908 485 1026 535 eumdem
1047 492 1089 536 est
1108 487 1218 538 Veneris

116 577 176 612 men
197 562 305 611 Veneris
326 561 473 625 cumprimis
501 561 588 612 nobile
617 570 647 613 et
683 563 803 626 armiger,
821 563 842 612 si
862 564 897 612 sit
915 562 1082 612 moderatus:
1100 563 1217 629 alioquin

115 638 187 702 quasi
200 637 331 701 proprium
348 635 399 686 fult
414 636 589 701 pervigilium,
600 652 646 688 ex·
681 639 777 702 largius
796 653 896 688 merum
918 652 1034 689 somnum
1056 639 1216 704 profundunt

114 714 280 777 quisitissime
306 713 343 764 ita
363 723 549 776 nuncupatum,
576 714 645 777 qood
670 713 1223 779 -conciliat,etAmoresnvermncat,juxtu

114 791 194 841 sacris
210 791 342 840 nocturnis
358 790 510 855 pudoreque
528 792 645 842 vacanti·
681 791 788 841 Autbol.
810 790 856 840 lib.
875 804 907 842 ιι.
933 788 1053 854 (Βόκχος)
1074 782 1223 855 Κιρνόμυω’

113 867 162 915 bus
184 867 315 930 precipue
335 866 462 928 penderet
480 867 536 917 brec
556 868 642 918 Dius:
680 864 791 926 belluinos
802 864 1036 927 lorb‘eroipdrnror·
1055 865 1082 915 Εἰ
1099 865 1125 916 tt
1140 867 1215 919 rotis
1271 933 1275 940 .

112 945 157 997 ilia
173 945 281 1009 proinde
299 946 416 996 ‘Noctis
429 946 526 1010 rigilu'
547 945 643 997 Plauto
678 940 808 1004 mirem,
834 941 997 1005 ἀπέστραπται
1037 941 1081 1003 μὲν
1119 941 1215 1008 ἕρπω,

113 1021 129 1070 Ι.
145 1020 192 1071 cit.
208 1022 285 1070 valde
300 1023 420 1085 opposito
436 1021 572 1072 invocatur
587 1023 642 1086 epi-
678 1019 819 1070 nanim
833 1020 853 1068 δ’
865 1019 927 1080 ὕπνῳ
942 1018 1029 1080 γείτονι
1045 1021 1089 1068 τοῦ
1104 1017 1214 1070 θανάτου.

111 1096 194 1158 theto,
212 1111 270 1160 quaa
285 1096 294 1123 ‘
307 1096 461 1145 Noctiluca'
477 1098 566 1147 Laevio
577 1099 643 1148 anti·
680 1095 750 1145 Hine
758 1097 814 1159 jam
823 1102 852 1145 et
863 1097 894 1145 C.
905 1096 981 1144 Plinii
993 1097 1085 1159 Epigr.
1097 1096 1154 1145 dies
1163 1097 1214 1146 ori·

110 1171 233 1233 quissimo
248 1170 354 1231 Poetoe3
374 1169 558 1233 φιλοπάννυχω,
577 1173 642 1222 Per·
678 1176 737 1220 tur:
754 1172 832 1220 ‘Huc
842 1171 904 1221 milri
920 1186 966 1221 vos
984 1172 1056 1235 largo
1067 1173 1214 1236 spumantis

110 1238 226 1309 sigilium
238 1247 356 1309 cupiens,
367 1247 493 1310 Orpheo,
510 1247 583 1310 cujus
599 1262 642 1310 pa·
678 1246 871 1308 pecularius!
902 1246 938 1293 Ut
959 1246 1103 1296 calefactus
1131 1248 1213 1298 Amor

109 1323 224 1372 lmstram
246 1322 347 1372 Cusinre
369 1323 498 1372 Plautium
519 1323 641 1388 Prologu-
678 1321 834 1384 pervigilare
861 1322 933 1371 velit.
967 1320 1078 1373 Ardenti
1107 1324 1212 1374 Baccho

110 1398 224 1461 graphas
242 1399 346 1449 vocavit
366 1398 530 1449 ‘excubias'
562 1398 642 1450 Amat
677 1399 844 1447 succenditur
855 1398 920 1460 ignis
932 1396 1049 1447 Amoris:
1068 1399 1135 1448 Nem
1150 1404 1213 1448 sunt

109 1474 177 1522 enim
188 1473 380 1538 hocnutnen,si
390 1474 458 1539 quod
468 1475 537 1524 aliud
546 1476 641 1526 otiosos
668 1474 791 1525 ‘unanimi
807 1473 925 1522 Bacchus
942 1473 1075 1538 Amorque
1091 1475 1135 1524 Dii
1146 1474 1165 1524 τ’
1180 1483 1210 1525 st

108 1547 174 1611 dies,
192 1562 315 1611 operosas
330 1556 358 1599 et
374 1550 512 1613 pervigiles
528 1551 570 1614 (ut
581 1565 640 1601 cnm
677 1549 714 1600 sio
725 1550 821 1599 Noster
833 1548 902 1597 infra
916 1564 955 1598 us.
966 1555 1007 1599 4⁶.
1028 1551 1105 1599 ‘Nec
1120 1552 1213 1613 (leret,

108 1619 189 1685 Apul.
201 1622 396 1688 lib.x.loqnar)
410 1634 508 1675 noctes.
540 1619 640 1675 Graeci's
677 1639 727 1674 nee
742 1625 862 1674 Bacchus
878 1625 981 1686 absunt,
998 1639 1047 1674 nec
1068 1627 1208 1676 Poetarum

107 1697 195 1761 itaque
204 1698 230 1746 in
240 1698 300 1748 Vet.
310 1699 444 1748 Glossario
452 1697 640 1762 rdurvxrqrar·
678 1701 764 1750 Deus:
778 1701 921 1762 Decinunt,
930 1707 957 1751 et
968 1707 1027 1750 tota
1036 1715 1089 1750 nox
1101 1707 1142 1750 est
1153 1715 1211 1766 per·

106 1776 219 1837 ινχισμὸς
227 1775 267 1825 eal
278 1775 340 1834 toul
350 1775 434 1825 uuerbe
443 1776 568 1839 impervia,
583 1793 638 1842 per·
677 1776 783 1840 vigilata
793 1776 930 1826 cuntibus!

106 1852 351 1913 uigiliumredditor.
383 1854 467 1905 Quale
478 1854 574 1903 Veneri
590 1855 638 1904 tri·
711 1853 846 1912 Elegauret
856 1851 985 1916 floridum]
1002 1850 1208 1917 carmenipsnur

106 1928 227 1992 duranum,
237 1931 280 1979 vel
291 1929 376 1977 verius
388 1929 482 1989 trinox,
492 1930 559 1979 siita
570 1931 639 1994 loqui
676 1929 745 1992 qnod
757 1930 812 1992 jaun
832 1929 975 1989 concernit,
992 1928 1076 1977 rideri
1094 1936 1123 1979 et
1141 1930 1208 1979 illud

105 2004 206 2068 liceret,
216 2012 261 2054 ant
272 2019 334 2052 sene
342 2018 392 2067 per
400 2005 509 2053 totidem
517 2006 638 2055 excubias
676 2004 753 2052 alieni
769 2004 903 2053 incondita
920 2004 1109 2053 Beccbautium
1130 2013 1158 2055 et
1174 2006 1208 2054 sd

104 2094 204 2143 pernox
217 2080 371 2142 debebatur,
385 2081 457 2128 varin
473 2082 552 2129 Dirce
569 2082 638 2131 illins
676 2079 804 2142 rythmum
827 2080 1033 2143 qualemcunque
1057 2080 1208 2130 saltantium

104 2157 189 2219 elogia
199 2156 392 2206 concelebrans.
414 2156 480 2207 Qum
493 2170 550 2205 cum
563 2157 639 2208 initio
676 2153 822 2203 cantilena:
836 2167 925 2203 verum
937 2169 1016 2217 osque
1028 2155 1094 2203 adeo
1104 2169 1133 2204 se
1142 2170 1207 2217 prn-

104 2231 138 2279 sb
150 2247 200 2280 uuo
212 2231 304 2279 saltem
316 2237 344 2278 et
356 2231 440 2278 allero
451 2239 583 2280 amantum
594 2232 639 2281 de·
676 2227 753 2276 claris
764 2229 835 2277 Viris
847 2228 1002 2290 adprobavit
1021 2229 1071 2278 hoc
1088 2229 1207 2293 Pervigi-

103 2312 210 2355 cnntatn
220 2312 317 2367 emant,
328 2305 410 2354 veluti
421 2306 504 2368 Naso,
519 2307 589 2355 Fast.
599 2321 639 2358 rr.
676 2305 746 2367 lium,
762 2312 791 2354 nt
810 2305 965 2354 doctissimis
984 2304 1205 2357 lucubrationibus

103 2380 304 2444 subindicavit*
314 2381 417 2430 Primus
426 2396 513 2431 amans
523 2397 638 2445 carmen,
675 2387 829 2429 nocturnum
836 2379 904 2429 istud
910 2393 1012 2429 sacrum
1019 2379 1146 2431 illustrare
1153 2396 1205 2431 nou

103 2458 238 2518 vigilatum
255 2465 332 2507 nocte
352 2463 458 2520 negate,
478 2457 584 2506 Dicitur
604 2457 636 2507 ed
674 2453 772 2505 fuerint
790 2455 933 2519 dedignati.
971 2455 1089 2506 Vernaus
1107 2457 1206 2521 qnippe

102 2536 204 2584 clausas
216 2533 376 2583 concinuisse
391 2532 479 2582 fores!
512 2534 637 2584 Posteaa
674 2538 703 2581 et
727 2533 735 2560 ‘
755 2530 889 2582 floridum'
907 2531 999 2596 utique
1019 2533 1082 2581 illud
1104 2541 1153 2597 est,
1175 2540 1205 2583 et
1269 2567 1271 2572 ·

102 2609 296 2674 quamplurimis
329 2608 467 2672 pervigilia
493 2608 637 2672 hujusmodi
673 2607 741 2658 hand
756 2608 837 2657 invita
856 2614 944 2658 uatum
964 2609 1075 2666 Venere,
1091 2624 1141 2660 nec
1163 2626 1205 2661 ea·

98 2686 212 2748 junctim
230 2685 358 2748 convivio,
374 2691 455 2734 cantu
474 2691 504 2734 et
522 2685 636 2750 tripudio
672 2683 731 2733 dem
754 2690 799 2734 ant
815 2685 891 2734 Veris
912 2687 1039 2748 temperie
1060 2688 1205 2753 indiguum,

102 2759 260 2809 adfurorem
273 2761 509 2825 nsquecelebrata.
534 2762 635 2811 Utnou
672 2760 895 2823 vereque'llpmos
910 2760 984 2818 πνέει,
994 2761 1134 2826 Ἀφροδίτην
1149 2784 1204 2829 rpo-

102 2836 147 2885 abs
168 2851 195 2884 re
213 2836 314 2886 Auctor
330 2836 402 2886 Libri
417 2837 560 2900 Sapientiae
575 2852 635 2899 cup.
671 2837 738 2894 terei,
755 2841 785 2883 nt
795 2841 837 2884 est
847 2836 917 2898 apud
928 2836 1023 2886 Achill.
1042 2840 1100 2888 Tat.
1117 2841 1146 2888 in
1163 2842 1201 2890 di·

101 2925 159 2962 xiv.
171 2917 255 2961 vani.
267 2912 328 2961 talis
339 2912 366 2959 iu
377 2913 490 2960 Deorum
501 2914 634 2974 gentilium
671 2910 731 2958 vino
761 2910 837 2958 Rosae
862 2911 995 2971 Encomio,
1026 2919 1105 2974 atque
1135 2914 1202 2963 adeo

100 2989 224 3037 honorem
235 2986 373 3049 peregrino
384 2986 437 3033 ritu
446 2986 565 3036 instituta
575 3001 635 3050 per·
671 2982 678 3009 ‘
689 2985 752 3032 Tam
763 2984 898 3048 liquidum,
916 2991 969 3034 tam
980 2985 1056 3035 dulce
1073 2995 1157 3051 sonat,
1172 2997 1202 3039 ut

99 3063 188 3127 vigilis
197 3065 205 3091 ‘
214 3061 321 3111 insaniae
331 3062 422 3124 plenas
432 3061 546 3124 vigilius’
558 3077 634 3112 voca·
671 3072 721 3108 nun
733 3072 781 3121 ego
792 3058 888 3118 malim,
900 3059 975 3111 Quod
987 3059 1099 3122 Peligna
1109 3062 1201 3124 legunt

98 3136 373 3197 verit,ceuiussniam
393 3137 466 3200 sequi
483 3143 511 3187 et
527 3144 633 3188 eutece-
669 3136 798 3197 examine,
831 3135 946 3184 lambere
979 3136 1089 3186 nectar!
1130 3139 1199 3188 ,luno

98 3214 163 3261 dere
184 3211 310 3260 insomnia
337 3212 415 3260 solet.
458 3213 530 3263 Quas
553 3212 632 3262 etiam
672 3210 782 3259 Weitaio
792 3211 830 3259 ita
841 3217 1018 3275 contestante,
1037 3218 1065 3261 et
1079 3219 1141 3262 ante
1161 3214 1200 3278 ip-

98 3289 233 3353 Hispanns
244 3286 379 3349 interpres
395 3287 560 3338 Cassiodorus
572 3289 632 3338 Rei·
669 3301 725 3335 snm
744 3286 822 3336 lusto
841 3301 943 3351 quoque
961 3288 1049 3351 Lipsio
1066 3290 1136 3354 juste
1155 3306 1198 3340 re-

97 3367 156 3414 ulus
189 3362 305 3413 reddidit
337 3363 465 3425 ‘Vigilius
495 3363 529 3412 de
561 3370 632 3415 otrus
668 3363 912 3411 nuststemvenerll
921 3363 997 3428 hujus
1006 3365 1199 3429 Pervigiliiool-

96 3442 160 3489 ritus
171 3441 253 3488 lleuas
265 3439 298 3487 de
313 3439 402 3487 locura
411 3438 429 3488 ε’
453 3438 556 3490 Sebast.
568 3455 630 3491 vero
667 3437 802 3500 laudante,
814 3439 941 3503 ‘Elegaus
949 3441 1095 3504 mehercle,'
1104 3444 1198 3508 inquit,

96 3517 223 3576 Castalio,
249 3514 377 3564 ‘Insanus
403 3529 436 3564 ex
457 3515 515 3565 aliis
536 3516 629 3566 ritibus
668 3516 717 3563 ‘et
735 3514 866 3579 quantivis
885 3516 963 3578 pretii
978 3531 1092 3579 carmen,
1111 3520 1198 3581 rnolle,

97 3592 280 3642 bacchationes
300 3589 413 3653 agitnre'
432 3605 490 3640 cum
511 3590 629 3655 dixisset,
664 3597 794 3654 -tenemm,
809 3591 855 3641 sed
865 3592 997 3653 Romania,
1014 3599 1043 3642 ut
1058 3594 1094 3643 sic
1106 3594 1197 3657 dicum,

96 3683 150 3717 rem
162 3669 244 3732 ipsam
257 3667 382 3729 detegere
393 3666 461 3716 risus
471 3675 522 3717 est.
557 3669 629 3718 Nihil
666 3681 717 3716 non
731 3666 916 3716 Alexandrinis
933 3667 1052 3716 deliciis!
1072 3669 1136 3720 'Qui
1147 3671 1196 3719 Vir

95 3747 164 3794 enim
172 3743 240 3793 aliud
251 3743 395 3792 istiusmodi
403 3744 628 3808 pervigili,qnnm
662 3742 1197 3807 siprudentissimusetsagacissimusest,

94 3824 302 3872 ‘luxuriosorum
311 3829 339 3872 et
349 3822 506 3872 ebriosorum
516 3824 628 3874 litaniae'
667 3820 708 3869 vel
731 3819 810 3881 ipsine
829 3817 911 3866 Scriv.
939 3815 1084 3866 Aristarchi
1110 3822 1195 3870 severi

94 3901 139 3964 (ot
152 3898 292 3948 Rabelaesii
305 3898 440 3960 Interpres
453 3897 571 3964 jocatur)
587 3899 628 3950 fu.
665 3897 776 3956 calculo,
786 3909 832 3944 cur
843 3908 906 3957 ergo
919 3899 1056 3955 tantopere
1066 3893 1115 3943 hoc
1125 3895 1195 3944 illius

95 3989 149 4034 cre,
168 3989 225 4038 qnae
242 3972 298 4022 fere
318 3988 334 4021 a
351 3973 412 4022 vino
429 3973 627 4027 incalescerent.
659 3970 786 4035 judicium
813 3967 1005 4031 reprehendere
1034 3982 1110 4017 ausus
1137 3972 1195 4019 esti

45 4039 51 4045 ’
94 4051 206 4099 Veneris
229 4064 291 4112 ergo
313 4056 340 4098 ut
362 4053 439 4097 noete
460 4050 579 4112 pervigili
599 4057 627 4100 et
664 4049 793 4097 Nimirum
804 4052 833 4094 ut
845 4044 985 4093 militium
1002 4057 1074 4091 snum
1086 4045 1195 4097 Cartba-

93 4129 152 4176 oleo
169 4128 275 4174 lucerua
293 4131 320 4172 et
341 4124 399 4174 vino
421 4125 488 4174 calix
510 4125 625 4176 abundet
663 4123 807 4187 giniensem
829 4119 954 4182 opusculo
976 4118 1035 4168 huic
1057 4119 1192 4174 adsereret

94 4201 254 4264 ipsusApul.
265 4199 310 4249 lib.
322 4213 353 4252 u.
370 4200 554 4265 Milrequirit.
568 4202 624 4254 Cen
664 4199 816 4260 Auctorem,
839 4196 934 4260 stylum
956 4195 1010 4260 ejus
1028 4195 1193 4264 inaequalem,
