2752 4694
131 299 198 389 an

480 313 597 361 ΔΝΜ·
622 312 747 361 attunt
773 313 881 361 NOTAE
908 328 912 333 ·

162 446 228 495 vult
239 445 339 508 irrigari
351 445 456 495 Amore.
731 445 1022 510 Agrineeveraeedau
1058 464 1071 471 ·’

196 520 258 568 Sine
271 521 339 569 Vere
351 521 385 569 nil
397 521 483 571 Diona
495 528 546 571 ert.
732 522 769 572 Et
778 522 880 570 Fanum
891 528 918 570 et
929 522 1043 572 Deorum
1074 554 1084 572 ,-

164 597 263 645 Nemea
273 597 392 646 meritum
403 598 429 646 iu
441 598 549 647 imbrem
731 597 809 649 erod
822 597 921 660 uspiam
933 602 973 645 ert
984 596 1116 645 bonorum.
1140 621 1144 627 ·

163 672 270 720 comam
281 671 401 721 arborum
413 674 526 737 resolvit.
766 671 853 724 Diona
865 671 963 735 ubique
975 677 1075 733 regnat.

195 749 256 797 Sine
267 749 337 798 Vere
348 749 384 797 nil
397 749 483 799 Diona
495 754 543 800 eet.
735 747 842 797 Nullum
852 747 940 798 Diona
951 761 1045 795 numen

163 824 232 871 Rosa
244 823 372 873 vinculum
385 825 507 887 resignat,
734 820 855 883 Regnare
868 821 1095 882 vult,nieiunnm‚
1123 856 1127 863 .

162 900 332 962 Unguemque
345 899 557 961 vultruperbum.
696 942 699 947 .
733 895 878 947 Amabilem
887 897 1022 960 Priapum.

194 974 255 1023 Siue
265 975 335 1022 Vere
346 975 382 1023 uil
395 975 481 1024 Diona
493 981 541 1023 est.
765 971 825 1020 Siue
837 972 904 1022 Vere
915 971 951 1020 nil
963 972 1048 1023 Diona
1058 978 1109 1023 eet.

163 1049 265 1111 Cupido
276 1056 374 1113 praetor
384 1056 440 1098 eet:
454 1049 499 1113 jue
732 1048 764 1096 Iu
775 1049 845 1096 Vere
857 1055 959 1110 cuncta,
971 1056 1066 1101 cuncta

162 1124 427 1187 Ediereritjuveutae.
500 1167 504 1173 .
733 1123 766 1172 ln
776 1123 846 1172 Vere
852 1123 908 1189 jam
920 1123 1008 1175 Diona
1019 1131 1069 1174 eet.
1167 1140 1170 1144 ·

192 1201 255 1249 Siue
266 1201 336 1250 Vere
347 1201 384 1250 ull
395 1201 481 1251 Diona
492 1206 541 1252 eet.
553 1229 555 1233 ν
734 1202 820 1266 Atque
831 1202 888 1255 haec
899 1202 957 1264 ipsa
966 1203 1108 1263 Bartlriana
1118 1204 1238 1257 Imitalio

90 1323 96 1333 ,
160 1282 266 1343 Taurus,
278 1282 341 1340 Leo,
350 1280 487 1346 'lignisque
701 1278 786 1327 calcar
797 1277 858 1328 milri
869 1282 897 1326 et
909 1291 997 1328 auram
1009 1277 1133 1342 praebuit,
1145 1288 1176 1331 ut
1187 1284 1237 1331 eal-

162 1353 226 1417 Agit
238 1369 297 1403 auae
308 1356 423 1404 choreae.
701 1354 739 1404 vis
752 1353 900 1418 quorumvis
913 1352 1020 1417 judiciii
1032 1360 1060 1403 et
1071 1356 1239 1421 lectionibus,

193 1431 255 1480 Sine
266 1431 335 1479 Vere
346 1431 380 1478 nil
392 1431 478 1480 Diona
489 1436 537 1480 eet.
699 1444 783 1479 meam
789 1429 1096 1494 quoquementemllbere
1102 1446 1174 1482 nuuc
1181 1448 1240 1496 pro·

109 1560 113 1570 .
162 1505 246 1555 Cedat
257 1506 344 1554 Diana
355 1506 435 1568 silvis,
700 1503 827 1566 feram,et
836 1521 886 1571 quo
896 1505 999 1568 quidem
1007 1506 1085 1556 modo
1093 1510 1237 1571 totumhoc

160 1586 220 1636 Jam
232 1592 324 1648 regnat
335 1586 381 1635 luae
394 1585 515 1649 Cytltera.
700 1580 853 1630 Poe'mation
862 1581 986 1644 scriptum
995 1580 1075 1630 fuisse
1083 1583 1125 1630 vel
1135 1591 1237 1647 putem,

193 1661 254 1710 Siue
266 1662 334 1710 Vere
344 1661 379 1710 nil
391 1663 479 1713 Diona
490 1667 536 1710 ert.
700 1657 742 1705 vel
751 1663 856 1719 optem:
874 1656 912 1704 ita
923 1663 952 1705 ut
963 1656 1042 1705 etiam
1054 1663 1115 1720 port
1127 1660 1235 1708 tertiam

160 1738 245 1788 Cedat
257 1739 358 1788 Salacia
369 1739 453 1799 nudie,
701 1732 853 1794 plerumque
862 1745 963 1780 terrum
972 1731 1237 1796 intercalariejucuu·

56 1853 60 1858 .
159 1814 219 1863 Jam
231 1821 322 1876 regnat
333 1814 379 1862 har
391 1815 515 1877 Cythera.
699 1803 802 1854 dissime
821 1806 989 1868 intercurrat,
1008 1821 1068 1856 raro
1086 1816 1149 1872 port
1161 1824 1236 1874 quar.

192 1888 253 1936 Siue
263 1889 333 1937 Vere
344 1889 380 1936 nil
392 1889 479 1937 Diona
490 1892 540 1937 ent.
700 1887 811 1936 tumaut
829 1883 957 1947 quintum,
972 1892 1000 1934 et
1018 1885 1187 1937 nihilomiuur
1198 1895 1236 1936 ta·

160 1963 246 2012 Cedat
256 1964 383 2027 ,novisque
396 1965 520 2027 olympo,
699 1971 757 2011 men
769 1958 877 2020 siugulis
888 1965 940 2016 tam
955 1973 1096 2021 paucorum
1113 1975 1235 2011 versuum

160 2037 219 2089 Jam
230 2044 322 2099 regnat
333 2038 401 2085 hunc
413 2037 534 2100 Cythera.
698 2034 811 2097 atrophia
840 2034 970 2084 sententia
991 2035 1119 2099 quaelibet
1139 2044 1234 2100 argute

193 2113 252 2161 Sine
260 2113 331 2160 Vero
342 2112 380 2160 nil
390 2111 474 2161 Diona
485 2120 535 2160 est.
700 2109 857 2171 absolvatur,
876 2109 1090 2174 quemadmodum
1113 2111 1234 2177 ὄφθαλμο.

161 2189 217 2241 Pan
229 2189 369 2250 montibus,
380 2187 509 2252 Peleaque
699 2187 818 2258 pontisera
828 2186 996 2250 sequentibus
1006 2187 1156 2252 adparebit.

224 2319 278 2366 Ver
290 2331 391 2374 novum,
401 2331 447 2365 ver
454 2316 509 2380 jam
520 2330 653 2377 canorum,
664 2330 709 2364 rer
721 2323 827 2365 reantur
838 2315 908 2369 otbie
919 2323 975 2371 eote

224 2396 293 2445 Vere
304 2396 463 2445 concordant
473 2395 593 2457 Amores,
603 2410 663 2445 vere
674 2395 777 2444 nubunt
788 2396 873 2460 alites,

222 2477 257 2529 Et
269 2490 358 2524 nemus
369 2490 469 2525 comam
480 2474 589 2524 resolvit
599 2474 633 2526 de
645 2475 742 2527 maritis
754 2473 887 2528 imbribus,

225 2556 290 2603 Cras
302 2562 382 2616 amet,
394 2556 437 2618 qui
448 2569 586 2618 quamquam
598 2556 711 2614 amavit3
728 2557 824 2618 quique
834 2555 938 2616 amavit,
950 2570 1006 2605 crae
1019 2564 1098 2610 amet.

256 2636 319 2682 Cras
332 2632 454 2685 Amorum
465 2634 613 2695 copulatrix
625 2634 694 2684 iuter
704 2634 807 2683 umbrae
821 2634 943 2684 arborum

223 2714 346 2776 Implicat
356 2727 429 2761 caena
440 2713 554 2762 virentes
567 2712 599 2761 de
610 2710 715 2776 flagello
726 2719 827 2776 myrteo
839 2730 845 2760 ε

224 2795 288 2843 Cras
299 2794 384 2843 Dione
391 2792 454 2856 jura
465 2792 539 2854 dicit,
550 2791 618 2842 fulta
628 2792 733 2845 sublimi
745 2794 846 2842 throno.

223 2875 286 2923 Crat
297 2879 376 2935 amet,
388 2873 432 2938 qni
444 2886 582 2936 numquam
593 2872 705 2933 amavit3
723 2873 818 2937 quique
829 2873 934 2935 amavit,
944 2888 1001 2924 crae
1012 2882 1091 2932 amet.

254 2955 380 3016 Tuncque
392 2953 449 3000 vito
460 2952 493 3000 de
506 2965 629 3014 superno,
640 2966 747 3014 spumeo
760 2957 854 3014 pontu·
865 2952 952 3014 globo,

223 3035 338 3084 Coerulaa
350 3033 418 3082 inter
430 3039 559 3094 catervae,
569 3032 637 3080 inter
650 3038 679 3080 et
689 3018 795 3095 bipedes
808 3046 899 3095 equor,

222 3113 298 3162 Fecit
308 3112 450 3161 undantem
462 3111 569 3160 Dionen
581 3110 615 3159 de
625 3111 724 3159 matitia
735 3110 869 3161 imbribus.

223 3194 286 3242 Cras
299 3198 377 3254 amet,
389 3192 433 3254 qul
444 3205 583 3254 numquam
595 3189 706 3250 emerim
725 3190 819 3254 quique
832 3191 937 3254 amavit,
949 3205 1006 3241 crae
1018 3200 1098 3245 amet.

257 3274 337 3321 Facta
348 3272 442 3334 Cypria
454 3270 487 3319 de
499 3285 601 3333 cruore,
613 3270 697 3335 deque
708 3271 803 3319 amoris
814 3269 938 3335 flosculis,

221 3351 315 3414 Deque
328 3351 444 3413 gemmis,
456 3350 539 3413 deque
549 3348 669 3412 flammis,
680 3349 765 3414 deque
776 3350 843 3400 Solis
856 3352 986 3414 purpuria.

221 3429 285 3491 Ipsa
295 3428 418 3490 gemmeis
429 3435 618 3491 purpurantem
629 3429 820 3493 pingitannum
831 3428 943 3481 floribus.

221 3507 285 3557 Cras
298 3515 375 3568 amet,
385 3507 429 3572 qui
440 3521 579 3572 numquam
591 3511 702 3572 amanit3
720 3511 816 3575 quique
827 3511 934 3574 amarit,
945 3526 1003 3562 crae
1016 3519 1095 3565 amet.

252 3587 315 3650 lpea
327 3596 461 3651 turgentes
473 3587 582 3651 papillae
593 3588 626 3637 de
638 3589 736 3639 Favoni
748 3591 841 3653 spiritu

220 3668 326 3732 Mulget
337 3669 363 3717 lu
374 3668 453 3718 foetur
463 3670 593 3729 latentem
609 3671 665 3732 ipsa
677 3671 742 3719 roric
752 3670 841 3731 lactei,

222 3747 315 3797 Noctis
328 3763 391 3798 aura
403 3763 478 3812 quem
491 3749 605 3812 reliquit,
615 3749 715 3811 spargit
725 3747 870 3802 humentein
882 3762 971 3812 aquae.

221 3826 285 3876 Crae
297 3835 374 3889 amet,
385 3828 429 3892 qui
440 3841 577 3891 numquam
587 3828 700 3889 amavit3
716 3826 811 3890 quique
823 3829 930 3890 amavit,
941 3843 999 3878 cras
1010 3837 1086 3881 amet.

254 3907 372 3957 Emicant
382 3909 503 3957 lacrumae
517 3914 658 3961 trementes
672 3907 792 3958 decidito
805 3909 937 3971 pondere3
1120 3911 1124 3914 ’

220 3986 304 4035 Gutta
315 4002 433 4051 praecepa
444 3988 508 4038 orbe
519 4001 600 4051 parvo
611 3988 721 4038 sustinet
732 4002 807 4038 casus
819 4003 887 4052 euos,

219 4065 254 4121 Et
266 4067 415 4116 recentibus
426 4075 552 4130 regentes
564 4066 639 4116 ducit
648 4068 753 4118 umbrae
764 4067 880 4119 floribus.

220 4143 283 4192 Cras
297 4153 375 4210 amet,
384 4147 428 4210 qui
438 4161 575 4213 numquam
587 4148 701 4208 amavlt;
719 4149 815 4214 quique
828 4149 933 4217 amavit,
943 4164 1000 4202 erar
1012 4163 1092 4203 amet.
